1804 2936
891 172 940 212 19

214 290 472 340 111,35.130:
516 288 647 328 anima
683 294 802 339 atque
840 291 956 329 animi
990 291 1159 342 natura).
1214 291 1314 331 Pars
1344 292 1444 329 enim
1476 293 1602 331 altera

213 351 424 390 rationalis
450 350 533 388 sive
550 362 616 387 res
637 350 830 400 cogitans,
859 353 899 388 τὸ
926 351 1083 400 λογικόν,
1113 353 1294 391 animus
1321 357 1489 390 vocatur
1518 354 1601 391 sive

215 424 345 451 mens
376 410 459 449 sive
490 410 757 449 consilium
793 416 834 451 et
859 412 1014 452 Graece
1049 411 1205 462 θυμός,
1232 414 1349 453 νοῦς·
1378 414 1445 462 (=
1474 414 1600 463 Geist,

214 471 453 521 Verstand.)
506 471 584 509 Hic
613 472 776 521 animus,
804 473 932 522 inquit
957 472 1165 510 Lucretius
1183 472 1255 521 ΙΙΙ,
1270 473 1320 511 94
1334 486 1405 523 sq.5
1436 481 1498 513 est

337 536 533 582 „mentem
562 545 679 583 quam
707 546 829 584 saepe
856 545 1058 583 vocamus,

336 594 374 632 in
405 606 484 643 quo
513 594 721 633 consilium
747 594 856 634 vitae
884 594 1141 644 regimenque
1170 595 1439 644 locatum’st;“

215 658 255 693 et
282 654 361 693 alio
386 655 479 694 loco
507 655 575 693 illc
604 655 701 694 dicit
727 656 817 705 (III,
840 656 951 704 138):

265 715 364 765 „sed
391 718 511 765 caput
537 727 629 754 esse
658 717 771 766 quasi
802 721 842 754 et
869 715 1063 755 dominari
1090 714 1130 752 in
1159 726 1328 764 corpore
1356 719 1443 754 toto

265 775 547 823 consilium,
578 777 684 826 quod
712 790 786 816 nos
815 777 1019 816 animum
1045 780 1353 827 mentemque
1375 779 1601 816 vocamus.“

314 836 361 874 In
389 848 553 886 quorum
581 837 710 876 altero
739 838 831 876 loco
857 837 1094 876 vocabulum
1123 838 1381 887 ‚‚consilium“
1408 838 1514 876 idem
1541 843 1604 878 est

215 898 320 947 quod
349 898 453 948 apud
482 911 575 938 nos:
601 899 718 948 Rath,
746 898 859 948 Plan,
887 898 1008 948 kluge
1026 899 1303 950 Berechnung,
1341 899 1470 937 altero
1498 899 1604 937 idem

214 958 339 1007 quod:
379 958 654 1007 „Denkkraft‚
693 958 925 997 Verstand“
960 960 983 996 i.
1016 970 1048 997 e.
1086 960 1236 998 animus
1273 960 1358 999 sive
1392 971 1522 1008 mens3
1565 963 1605 997 ct

215 1019 323 1069 quod
360 1019 401 1057 in
441 1019 570 1059 altero
603 1020 714 1059 loco:
748 1019 977 1070 ,‚regimen“
1012 1021 1054 1058 id
1087 1020 1128 1057 in
1163 1020 1293 1059 altero
1321 1033 1478 1059 versus:
1509 1021 1606 1069 „sed

215 1083 334 1130 caput
362 1092 454 1119 esse
484 1083 599 1131 quasi
628 1085 669 1120 et
695 1081 888 1120 dominari
915 1081 956 1119 in
985 1092 1157 1131 corpore
1184 1081 1310 1120 toto.“

315 1141 451 1180 Media
478 1147 607 1182 autem
636 1142 814 1194 pectoris
842 1143 979 1193 regio,
1005 1142 1072 1180 ubi
1098 1142 1133 1181 is
1162 1143 1345 1182 animus
1374 1142 1511 1181 sedcm
1537 1142 1604 1180 ha-

214 1202 282 1240 bet
317 1203 385 1250 (cf.
419 1202 459 1239 τὸ
485 1204 548 1253 μὲν
583 1206 723 1254 λογικὸν
757 1203 793 1241 ἐν
827 1206 880 1253 τῷ
912 1202 1053 1251 θώρακι
1077 1202 1339 1253 καθιδρόμενον.
1367 1202 1471 1242 Plut.
1501 1203 1605 1253 plac.

212 1263 276 1313 ph.
291 1262 460 1311 1V‚4et
474 1264 528 1314 5),
566 1265 711 1315 ubique
746 1266 900 1303 mentus
941 1267 982 1301 et
1016 1263 1200 1312 gaudium
1228 1264 1287 1313 (τὸ
1314 1263 1377 1314 μὲν
1406 1263 1545 1313 λογικὸν
1569 1263 1606 1301 ἐν

213 1325 265 1373 τῷ
291 1323 428 1373 θώρακι
454 1326 505 1365 ὡς
522 1325 633 1373 δῆλον
655 1322 698 1361 ἔκ
716 1338 755 1362 τε
781 1326 853 1361 τῶν
880 1323 1003 1374 φόβων
1031 1324 1088 1360 καὶ
1114 1327 1178 1373 τῆς
1204 1325 1319 1374 χαρᾶς
1345 1324 1393 1362 D.
1412 1325 1458 1363 L.
1476 1324 1528 1373 X,
1539 1324 1607 1374 66)

214 1386 265 1423 ab
291 1384 466 1434 Epicuro
494 1385 748 1435 appellantur
776 1384 818 1421 οἱ
854 1383 1137 1425 πεπονθότες
1168 1383 1313 1423 τόποι.
1366 1384 1476 1422 Dicit
1503 1385 1607 1423 enim

214 1446 318 1496 apud
343 1445 600 1484 Plutarchum
627 1444 747 1495 (plac.
766 1445 832 1495 ph.
854 1444 926 1493 IV,
941 1444 1026 1494 23):
1054 1443 1099 1482 τὰ
1125 1444 1225 1495 πάθη
1252 1445 1311 1483 καὶ
1336 1443 1399 1486 τὰς
1426 1444 1606 1494 αἰσθήσεις

214 1506 250 1543 ἐν
276 1509 348 1546 τοῖς
375 1505 568 1544 πεπονθόσι
594 1504 713 1546 τόποις
739 1505 840 1544 εἶναι.
869 1505 1002 1556 Atque
1024 1505 1080 1543 ait
1096 1505 1305 1544 Lucretius
1325 1506 1605 1556 (111‚14osq.):

267 1567 410 1618 „idque
438 1566 511 1618 (sc.
528 1566 753 1618 consilium)
780 1567 897 1607 situm
923 1566 1057 1606 media
1074 1567 1241 1617 regione
1260 1566 1436 1617 pectoris
1455 1567 1607 1606 haeret.

267 1629 330 1666 hic
357 1629 512 1666 exultat
540 1628 641 1666 enim
668 1640 797 1678 pavor
825 1640 872 1666 ac
898 1632 1046 1676 metus;
1073 1627 1175 1665 haec
1203 1627 1298 1665 loca
1327 1628 1474 1665 circum

265 1689 446 1728 laetitiae
474 1689 658 1739 mulcent,
683 1690 747 1728 hic
775 1700 871 1739 ergo
899 1700 1011 1727 mens
1040 1688 1191 1726 animus
1222 1686 1390 1737 qu'est.“

216 1748 355 1788 Altero
383 1761 481 1789 vero
508 1763 603 1800 pars
631 1751 784 1789 animae

268 1841 277 1850 .
307 1840 316 1849 .
347 1841 356 1849 .
386 1822 484 1860 „per
510 1814 635 1851 totum
660 1811 802 1851 dissita
830 1822 978 1860 corpus

267 1874 384 1921 paret
411 1875 452 1910 et
479 1873 530 1910 ad
556 1884 700 1911 numen
726 1871 870 1910 mentis
898 1881 1132 1919 momenque
1161 1873 1362 1908 movetur:

268 1932 389 1983 idpue
417 1932 493 1971 sibi
523 1932 649 1971 solum
677 1944 750 1983 per
778 1944 822 1971 se
852 1932 969 1982 sapit,
997 1931 1039 1970 id
1067 1930 1143 1969 sibi
1171 1931 1330 1981 gaudet,

270 2006 356 2032 cum
385 2005 513 2043 neque
541 2004 606 2032 res
636 1993 805 2031 animam
831 2004 960 2042 neque
990 2003 1135 2041 corpus
1165 1995 1388 2032 commovet
1416 1991 1530 2031 una,“

219 2055 308 2103 (HI,
326 2054 431 2102 143.)
484 2053 596 2099 Quae
623 2054 801 2101 anima,
831 2053 855 2102 ἡ
891 2052 1011 2103 φυχή,
1047 2052 1179 2089 animo
1216 2052 1399 2101 subjecta
1425 2052 1610 2091 rationis-

220 2126 295 2165 que
319 2118 384 2154 est
412 2127 558 2165 expers
585 2114 645 2164 (τὸ
666 2112 815 2164 ἄλογον)
824 2127 834 2162 ;
863 2114 919 2152 ait
947 2113 1051 2151 enim
1069 2112 1266 2162 Epicurus
1285 2114 1392 2163 apud
1409 2113 1612 2152 Laertium

219 2175 322 2223 (66):
360 2176 424 2224 „rb
458 2173 591 2224 ἄλογον
626 2174 662 2212 ἐν
689 2176 743 2225 τῷ
778 2176 890 2225 λοιπῷ
922 2174 1060 2223 σώματι
1085 2172 1406 2223 παρεσπαρμένον“
1436 2177 1477 2211 et
1505 2173 1612 2223 apud

218 2235 470 2275 Plutarchum
499 2234 622 2287 (plac.
650 2235 715 2286 ph.
742 2235 812 2286 IV,
822 2235 884 2285 4):
914 2233 978 2286 ,,τὸ
1008 2231 1139 2283 ἄλογον
1166 2229 1244 2272 καθ’
1275 2232 1363 2286 ὅλην
1385 2235 1448 2286 τὴν
1473 2234 1611 2287 σύγκρι-

216 2312 267 2335 σιν
294 2298 357 2334 τοό
386 2298 553 2346 σώματος
581 2296 881 2347 διεσπαρμένον;“
917 2296 991 2335 sed
1017 2295 1174 2333 minime
1204 2308 1253 2333 ea
1280 2309 1423 2336 sensus
1453 2301 1516 2335 est
1544 2310 1610 2335 ex-

219 2368 314 2407 pers
342 2356 565 2406 (Lucr.III‚
582 2355 677 2395 635:
713 2359 826 2406 „toto
868 2368 1038 2408 corpore
1065 2356 1202 2395 inesse
1231 2368 1389 2396 sensum
1417 2356 1611 2408 vitalem),

221 2418 255 2457 si
279 2418 435 2469 quidem
471 2430 521 2456 ea
557 2430 654 2468 pars
684 2418 812 2466 adest,
841 2417 882 2457 in
911 2413 1181 2469 qua'acumen
1210 2419 1296 2458 sive
1323 2419 1440 2469 vigor
1469 2432 1612 2460 sensus

219 2479 413 2529 persistit.
442 2479 475 2529 (z
504 2478 545 2515 τὸ
575 2477 637 2519 ὀξὺ
664 2478 756 2516 κατὰ
782 2478 847 2529 τὴν
875 2477 1046 2530 αἴσθησιν.
1073 2479 1176 2517 Plut.
1204 2475 1274 2528 ib.)

322 2539 546 2580 Praeterea
579 2539 679 2579 haec
712 2541 845 2580 anima
870 2541 936 2587 §ita
971 2544 1199 2590 „tenetur
1241 2543 1297 2580 ab
1339 2543 1470 2582 omni
1505 2554 1612 2583 cor-

221 2603 369 2653 pore“
397 2603 530 2649 (Lucr.
555 2602 744 2651 111,324),
768 2607 811 2641 ut
836 2615 980 2652 corpus
1016 2603 1154 2651 „quasi
1181 2603 1287 2641 illius
1313 2604 1412 2642 vas“
1441 2616 1532 2643 esse
1560 2605 1612 2643 vi-

223 2664 365 2706 deatur
392 2662 514 2715 (554).
567 2663 757 2715 Idemque
793 2664 900 2716 apud
926 2662 1131 2703 Laertium
1155 2662 1351 2715 Epicurus
1384 2665 1461 2705 hoc
1486 2666 1605 2705 modo
