1804 2936
855 218 905 256 37

185 340 329 378 circum
358 342 506 377 terram
535 352 629 378 vero
659 352 813 389 aquam,
846 340 990 378 deinde
1019 351 1153 378 aerem
1181 339 1363 377 diffundi·
1354 337 1431 387 ,52)
1461 338 1569 376 deni-

186 411 262 450 que
290 399 389 437 haee
418 399 548 437 omnia
574 404 742 449 propter
768 401 1006 451 gravitatem
1026 404 1213 450 tanquam
1238 399 1420 438 nucleum
1439 398 1573 436 mundi

186 471 278 499 esse
312 459 477 497 aethele
506 459 837 510 ci1eumclusi.(l
869 473 902 500 0
931 465 972 500 et
1000 460 1199 499 Stobaeus
1227 460 1300 499 eel.
1328 460 1359 508 Ι,
1374 450 1482 507 408)

290 520 372 558 Sed
399 531 505 568 „non
533 520 663 556 omnia
691 541 736 546 —
766 525 809 559 ut
834 521 945 560 reete
973 522 1071 559 dicit
1094 521 1302 559 Lucretius
1321 521 1352 568 Ι,
1370 520 1470 559 1080
1485 532 1573 569 sqq.

185 604 231 608 —
263 592 437 630 corpora
462 579 617 629 fingunt

397 641 461 690 „in
489 641 657 679 medium
685 642 769 691 niti,
800 642 871 680 sed
898 646 1091 681 terrarum
1120 645 1238 691 atque
1265 633 1444 692 liquoris,

395 706 436 741 et
464 703 578 752 quasi
605 707 766 741 terreno
796 715 898 753 quae
928 715 1096 754 corpore
1123 703 1413 753 eontineantur,

396 776 571 802 umorem
596 764 710 814 ponti
737 776 980 814 magnasque
1010 777 1031 803 e
1058 763 1255 803 montibfis
1285 765 1426 814 undas,

400 829 442 862 at
470 829 611 863 eontra
637 825 767 864 tenuis
797 829 1002 874 exponunt
1029 826 1132 863 aeris
1160 838 1278 863 auras

400 889 440 923 et
467 885 620 925 calidus
649 885 763 925 simul
788 898 812 924 a
838 885 969 924 medio
998 885 1194 924 differrier
1214 886 1333 936 ignis,

398 950 516 997 atque
544 947 638 986 ideo
664 951 790 985 totum
819 947 964 985 circum
991 951 1160 985 tremere
1189 947 1356 985 aethera
1384 945 1508 995 signis

398 1011 438 1045 et
465 1007 561 1046 solis
588 1008 778 1046 flammam
805 1019 877 1057 per
905 1007 1006 1045 caeli
1034 1007 1196 1045 caerula
1224 1006 1336 1057 pasci

399 1080 432 1107 e.
462 1081 497 1117 q.
528 1081 559 1107 s.

293 1129 527 1168 Doeuerunt
546 1129 649 1167 enim
667 1127 806 1177 Stoici,
836 1141 976 1178 aquam
995 1132 1234 1178 terramque,
1255 1139 1370 1178 quum
1389 1127 1579 1176 graviora

191 1190 283 1239 sint,
309 1190 483 1228 medium
509 1190 690 1227 mundum
710 1193 861 1239 petere,
888 1189 1021 1238 ignem
1041 1194 1081 1228 et
1100 1201 1246 1238 aerem,
1277 1201 1393 1238 quum
1411 1187 1578 1237 leviora,

190 1264 214 1289 a
240 1251 373 1289 medio
407 1251 599 1289 recedere
608 1248 682 1300 353)
718 1250 895 1289 ἀνωτάτω
931 1263 1028 1290 vero
1063 1250 1149 1289 εἶναι
1173 1249 1213 1288 τὸ
1240 1251 1308 1300 πῦρ
1335 1249 1355 1287 ὃ
1377 1250 1423 1299 δὴ
1451 1247 1579 1299 αἰθέρα

190 1311 386 1361 καλεῖσθαι,
422 1311 458 1349 ἐν
486 1308 517 1363 ᾦ
546 1312 689 1362 πρώτην
716 1312 780 1362 τὴν
806 1314 876 1350 τῶν
904 1312 1072 1349 ἀπλανῶν
1099 1314 1250 1362 σφαῖραν
1278 1311 1475 1361 γεννᾶσθαι,
1504 1308 1579 1347 εἶτα

189 1373 252 1423 τὴν
280 1374 349 1410 τῶν
377 1372 628 1422 πλάνομένων·
648 1369 732 1422 μεθ’
758 1373 801 1423 ἢν
823 1373 883 1411 τὸν
911 1372 1010 1423 ἀέρα,
1044 1372 1119 1410 εἶτα
1140 1374 1179 1410 τὸ
1209 1373 1319 1422 ὕδωρ,
1347 1370 1578 1420 ὑποστάθμην

190 1434 230 1471 δὲ
257 1435 399 1471 πάντων
428 1434 490 1482 τὴν
517 1436 594 1484 γῆν,
623 1433 733 1483 μέσην
761 1434 931 1471 ἁπάντων
958 1431 1080 1473 οὖσαν.
1106 1433 1325 1482 (D.L.VII,
1337 1433 1440 1480 137).
1476 1432 1576 1471 Coe-

190 1496 267 1533 lum
298 1495 420 1544 igitur
447 1495 470 1532 i.
500 1507 534 1533 e.
564 1495 727 1532 aethera
753 1495 911 1544 igneum
924 1492 980 1541 54)
1011 1507 1091 1533 non
1121 1494 1246 1533 solum
1265 1494 1397 1532 omnia
1416 1493 1577 1531 eircum-

152 1596 162 1601 ,
190 1556 350 1594 eludere
371 1555 777 1604 (cs.Lue1·et.12,1095:
798 1568 919 1606 supra
939 1557 1085 1595 eit-eum
1099 1560 1240 1605 tegere
1260 1556 1391 1594 omnia
1405 1554 1579 1604 coelum)

191 1617 262 1655 sed
283 1617 402 1654 etiam
423 1616 535 1665 simul
553 1628 638 1653 eum
659 1615 756 1667 sele,
775 1617 879 1664 luna,
900 1618 1063 1667 reliquis
1079 1617 1200 1656 astris
1216 1617 1430 1666 vaporibus
1445 1620 1579 1654 terrae

190 1677 328 1728 maris,
365 1689 554 1727 aquarum
591 1677 645 1715 ali
673 1681 793 1727 atque
823 1679 1052 1718 sustentari,
1110 1678 1242 1727 (Luer.
1264 1690 1406 1728 supra3
1434 1677 1578 1717 Cicero

190 1743 271 1777 nat.
299 1740 411 1778 deor.
430 1738 660 1788 111,14,37;
679 1739 729 1786 ΙΙ,
747 1739 806 1788 15,
821 1740 882 1778 40.
900 1739 985 1779 118.
1006 1739 1165 1778 Seneca
1180 1752 1242 1789 qu.
1266 1753 1302 1779 n.
1320 1739 1388 1789 VI,
1409 1737 1576 1788 16,2.⁵5)

291 1800 447 1838 Deinde
476 1799 698 1850 Lueretius,
733 1813 820 1839 eum
850 1802 962 1840 dicit:

190 1861 257 1909 (V,
254 1860 386 1929 114)
472 1890 479 1897 .
509 1890 517 1898 .
551 1872 601 1899 110
629 1861 734 1901 fmte
762 1862 902 1911 rearis,

433 1924 563 1960 terras
594 1926 634 1960 et
659 1923 784 1961 solem
812 1926 854 1961 et
882 1923 1047 1973 caelum,
1074 1935 1184 1961 mare
1214 1923 1349 1962 sidma
1374 1922 1517 1969 lunam,

435 1994 606 2032 corpore
632 1982 766 2022 divino
796 1984 946 2023 debele
975 1954 1144 2022 aege-rna
1170 1995 1331 2021 manele

267 2115 314 2169 ⁵²)
339 2114 511 2147 Stobaeus
536 2115 645 2157 eclog.
668 2117 696 2153 Ι,
715 2116 791 2149 4⁴6:
819 2108 882 2145 τοῦ
909 2107 976 2145 δὲ.
1019 2138 1027 2147 .
1053 2106 1191 2157 κόσμου
1218 2106 1259 2145 τὸ
1283 2105 1351 2169 μὲν
1371 2104 1459 2144 εἶναι
1484 2118 1577 2155 περι-

188 2156 385 2220 φερόμενον
419 2157 498 2220 περὶ
531 2159 572 2195 τὸ
608 2157 733 2208 μέσον,
777 2158 817 2196 τὸ
846 2156 872 2196 δ’
900 2158 1092 2222 ὑπομένον,
1124 2170 1400 2221 περιφερομένον
1427 2156 1491 2207 μὲν
1517 2157 1576 2194 τὸν

189 2207 333 2259 αἰθέρα,
361 2207 534 2258 ὑπομένον
563 2208 604 2246 δὲ
630 2211 694 2260 τὴν
720 2213 786 2260 γῆν
813 2209 871 2248 καὶ
897 2209 942 2247 τὰ
970 2207 1021 2247 ἐπ’
1049 2209 1160 2260 αὐτῆς
1186 2209 1275 2260 ὑγρὰ
1302 2208 1360 2246 καὶ
1386 2209 1445 2245 τὸν
1473 2207 1576 2258 ἀέρα

189 2285 225 2291 -
251 2269 322 2301 Cic.
346 2269 388 2300 de
411 2270 480 2301 nat.
506 2268 597 2301 deor.
621 2269 781 2308 11‚6‚17:
820 2271 946 2301 terram
969 2279 1047 2301 esse
1070 2269 1232 2307 infimam,
1265 2277 1365 2310 quam
1387 2266 1575 2299 erassimus

189 2318 439 2351 circumfundat
461 2329 528 2351 aer.

274 2371 314 2411 ⁵³)
338 2370 436 2403 Stob.
462 2371 523 2403 ecl
539 2372 566 2409 1,
583 2371 651 2403 340.
669 2371 730 2404 400
752 2370 857 2410 (Plut
880 2371 969 2412 plac.
984 2370 1011 2408 1,
1030 2369 1076 2408 12
1070 2371 1148 2449 A&
1173 2360 1317 2424 Ζήνων·
1346 2361 1463 2425 ἀβαρῆ
1491 2358 1578 2398 εἶναι

190 2410 280 2473 ἀέρα
293 2412 452 2462 καὶπῦρ,
474 2421 565 2453 Plut
583 2421 691 2453 Stoie.
712 2431 852 2474 repugu
868 2421 908 2452 43
937 2431 969 2462 p
988 2421 1084 2453 1053:
1148 2411 1339 2476 ρῦσιππος·
1367 2412 1407 2449 τὸ
1426 2425 1526 2461 πυρ.

190 2460 345 2524 ἀβαρὲς
389 2492 397 2500 .
424 2462 481 2500 καὶ
506 2462 701 2514 ἀνωφερὲς,
730 2461 787 2500 καὶ
813 2462 930 2526 τούτῳ
948 2462 1206 2528 παραπλησίως
1223 2462 1284 2501 τὸν
1302 2462 1405 2527 ἀέρα,
1429 2475 1492 2500 του
1510 2460 1574 2512 μὲν
1616 2484 1619 2491 ‹

190 2476 318 2555 ὕδατος
344 2516 391 2564 τῇ
418 2518 467 2565 γῇ
494 2516 632 2565 μᾶλλον
659 2513 947 2564 προςνενομένου,
974 2516 1036 2551 τοῦ
1064 2512 1090 2552 δ’
1108 2514 1213 2565 ἀέρος
1239 2517 1292 2565 τῷ
1318 2516 1413 2565 πυρί.

274 2582 315 2621 ⁸⁴)
338 2580 473 2612 Seneca
499 2581 566 2611 nat
594 2590 647 2621 qu.
670 2580 739 2619 VI,
761 2581 808 2619 16,
824 2580 860 2612 2:
899 2582 1011 2611 totum
1043 2580 1108 2612 hoe
1143 2580 1291 2617 coelum,
1329 2580 1421 2621 quod
1454 2580 1576 2621 igneus

193 2630 324 2670 aether,
347 2631 461 2664 mundi
484 2640 614 2662 summa
635 2641 716 2673 pars
736 2632 938 2665 claudit.—

275 2683 314 2722 ⁵²)
340 2682 506 2713 Her-nolit.
530 2681 629 2722 alleg.
655 2682 753 2714 Hom
790 2693 819 2717 0,
835 2684 883 2721 36,
906 2693 936 2716 e.
950 2684 1000 2716 56.
1024 2702 1062 2707 —
1091 2683 1181 2715 Plut.
1200 2683 1306 2716 Stoie.
1322 2692 1393 2726 rep.
1409 2682 1459 2722 41,
1476 2682 1512 2715 3:
1545 2675 1575 2711 (ἶ
1613 2688 1616 2691 ’

191 2720 216 2758 ὂ
234 2723 380 2776 ἀστέρες
399 2725 439 2763 ἐκ
457 2727 642 2777 θαλαστης
661 2725 750 2774 μετὰ
770 2729 833 2764 τοῦ
850 2726 954 2780 ἡλίου
973 2725 1197 2764 ἀνάπτονται.
1221 2734 1301 2768 ibid
1310 2735 1338 2768 2.
1352 2733 1479 2767 -ibid.
1487 2734 1536 2772 46,
1545 2735 1574 2767 2.
