1804 2936
896 175 996 222 36'

219 306 424 354 videatur,
460 306 536 343 hoc
570 309 723 344 tantum
757 306 910 343 idcirco
946 307 1061 344 nobis
1093 306 1236 354 videri,
1274 307 1382 355 quod
1410 307 1513 345 illius
1539 319 1616 344 ma-

220 366 368 412 teriae,
405 377 456 403 ex
491 378 570 414 qua
601 377 685 413 rem
719 366 984 415 nominemus,
1018 366 1107 416 plus
1142 366 1239 405 insit
1274 379 1391 417 quam
1427 367 1617 405 materiae

221 427 394 476 cujusvis
424 424 598 475 alius‚5⁰)
627 447 676 452 —
704 426 816 465 Idem
844 427 946 465 enim
977 427 1081 476 quod
1109 427 1319 465 Lucretius
1348 428 1395 476 (1,
1412 427 1503 478 875)
1531 440 1618 466 ver-

221 488 350 525 sibus:
388 487 486 535 „sed
524 486 620 523 illud
650 488 860 536 Apparere
890 500 1024 536 unum,
1055 488 1166 536 cujus
1197 487 1277 526 sint
1303 489 1468 537 plurima
1496 489 1620 526 mixta

220 548 272 586 Et
298 548 426 597 magis
454 547 493 584 in
523 550 709 597 promptu
736 546 942 597 primaque
971 548 1009 585 in
1033 548 1164 586 fronte
1184 547 1344 586 Ιοοαῑο.α
1373 548 1619 587 Aristoteles
1651 588 1656 591 ζ

220 609 280 647 his
312 608 443 647 verbis
474 607 672 657 explicatt
702 607 887 657 φαίνεσθαι
914 609 955 645 δὲ
981 608 1196 660 διαφέροντα
1221 608 1278 645 καὶ
1296 609 1621 659 προςαγορεύεσῦαι

219 669 323 719 ἕτεροι
350 669 521 719 ἀλλήλων
553 667 594 705 ἐκ
621 670 683 705 τοῦ
712 667 853 718 μάλισθ’
885 669 1124 720 ὑπερέχοντος
1151 668 1208 707 διὰ
1236 670 1376 719 πλῆθος
1404 669 1440 706 ἐν
1463 672 1510 720 τῇ
1533 669 1621 720 μίξει

220 733 291 768 τῶν
324 730 496 780 ἀπείρων·
531 729 724 780 εἰλικρινῶς
758 729 821 779 μὲν
857 729 924 780 γὰρ
961 731 1045 769 ὅλον
1080 732 1206 768 λευκὸν
1246 730 1269 780 ἢ
1304 730 1415 781 μέλαν
1449 730 1472 780 ἢ
1506 731 1619 780 γλυκὺ

219 790 242 839 ἢ
271 792 388 841 σάρκα
415 790 437 839 ἣ
467 790 594 827 ὀστοῦν
627 790 692 827 οὐκ
720 789 824 839 εἶναι,
857 791 940 828 ὅτου
967 792 1008 829 δὲ
1032 794 1196 829 πλεῖστον
1224 791 1372 829 ἕκαστον
1398 790 1487 842 ἔχει,
1515 793 1619 828 τοῦτο

220 852 336 887 δοκεῖν
362 848 448 886 εἶναι
476 851 538 900 τὴν
566 852 666 899 φύσιν
693 853 756 887 τοῦ
784 851 991 901 πράγματος
1016 852 1145 902 (phys.
1165 852 1196 896 I,
1215 853 1251 898 4,
1269 853 1373 901 187.)
1400 853 1622 891 Praeterea

221 912 258 948 in
295 911 436 960 fragm.
467 912 490 949 8
520 910 722 959 (Schaub.)
751 912 939 961 legimus:
993 911 1068 950 ἀλλ’
1109 912 1189 949 ὅτεο
1225 914 1374 950 πλεῖστα
1408 911 1476 958 ἔνι,
1509 914 1621 950 ταῦτα

220 970 441 1021 ἐνδηλότατα
471 971 508 1008 ἓν
536 970 685 1008 ἕκαστόν
714 970 785 1008 ἐστι
812 972 869 1008 καὶ
896 971 939 1022 ἦν
968 978 1009 1011 et
1035 974 1140 1022 apud
1168 973 1440 1011 Alexandrum
1465 973 1619 1023 Aphro-

221 1033 295 1071 dis.
327 1033 384 1080 (in
411 1032 581 1071 Aristot.
611 1032 784 1081 metaph.
813 1033 843 1071 Ι.
863 1032 899 1081 9,
914 1034 1001 1073 991.
1031 1047 1069 1084 p.
1086 1034 1135 1072 72
1164 1035 1225 1073 ed.
1255 1034 1436 1080 Bonitz):
1468 1031 1619 1075 Ἀναξα-

219 1094 327 1143 γόρας
361 1107 399 1130 τε
433 1092 501 1142 γὰρ
534 1092 680 1130 ἕκαστον
716 1095 785 1130 τῶν
821 1091 933 1130 ὄντων
970 1092 1077 1143 ἔλεγε
1110 1095 1174 1144 μὲν
1211 1094 1251 1132 ἐκ
1276 1096 1418 1132 πάντων
1447 1093 1622 1144 μεμῖχθαι

220 1157 290 1191 τῶν
318 1154 555 1203 ὁμοιομερῶν.
584 1150 627 1190 οὗ
655 1153 696 1191 δὲ
723 1155 890 1191 πλεῖστον
919 1154 955 1191 ἐν
983 1155 1081 1204 αὐτῷ
1109 1154 1282 1205 μέμικται,
1311 1155 1346 1197 ἐξ
1365 1156 1474 1192 αὐτοῦ
1493 1156 1620 1191 τούτου

220 1215 337 1252 δοκεῖν
371 1214 458 1252 εἶναι
491 1216 553 1264 τὴν
588 1213 708 1252 οὐσίαν
750 1216 812 1251 τοῦ
847 1215 1073 1265 πράγματος·
1112 1216 1207 1254 ὥστε
1244 1215 1390 1254 ἕκαστον
1426 1215 1543 1253 αὐτῶν
1576 1214 1620 1265 ἧν

223 1278 327 1313 τοῦτο
353 1275 372 1313 ὃ
401 1274 443 1326 ἦν
472 1278 525 1326 τῷ
553 1275 725 1326 μεμῖχθαι
748 1274 847 1326 αὐτῷ
875 1289 949 1313 τινα
978 1274 1075 1313 ἄλλα

321 1339 412 1375 Jam
443 1349 535 1375 vero
564 1339 703 1384 restat,
731 1340 774 1374 ut
796 1337 845 1375 de
863 1337 1091 1375 Stoicorum
1112 1338 1346 1387 quibusdam
1368 1338 1616 1376 naturalibus

222 1398 537 1448 quaestionibus,
567 1410 666 1447 quas
694 1398 920 1448 Lucretius,
950 1403 1234 1437 commemorat
1263 1400 1523 1448 disputemus.

323 1461 384 1497 Ac
414 1459 578 1508 primum
607 1458 765 1507 quidem
793 1459 1006 1498 Lueretius
1036 1460 1109 1507 ait3

220 1520 391 1569 (1‚1052)
406 1519 509 1557 Illud
537 1519 575 1556 in
604 1519 666 1558 his
695 1521 816 1559 rebus
845 1521 967 1571 longe
997 1522 1091 1570 fuge
1121 1520 1300 1567 credere,
1329 1520 1498 1569 Memmi,

405 1581 443 1617 in
474 1580 642 1617 medium
671 1593 845 1619 summae
876 1583 983 1631 quod
1012 1582 1148 1619 dicunt
1177 1581 1308 1618 onmia
1337 1581 1418 1630 niti,

407 1645 526 1690 atque
556 1641 648 1679 ideo
679 1642 812 1680 mundi
843 1647 1027 1679 naturam
1057 1644 1166 1679 stare
1197 1640 1282 1679 sine
1312 1641 1401 1680 ullis

408 1702 552 1741 ictibus
582 1703 760 1742 externis
790 1716 933 1753 neque.
964 1714 1163 1753 quoquam
1190 1714 1313 1751 posse
1341 1701 1488 1740 resolvi

406 1777 555 1802 summa
584 1769 703 1813 atque
731 1765 828 1812 ima,
859 1766 966 1813 quod
993 1765 1033 1801 in
1062 1763 1230 1801 medium
1254 1762 1334 1799 sint
1360 1763 1489 1800 omnia
1514 1763 1617 1800 nixa.

325 1823 435 1862 Sanc
465 1825 554 1874 ipse
582 1829 719 1874 poeta,
750 1824 837 1874 quis
867 1824 962 1861 illud
992 1824 1185 1874 docuerit,
1213 1838 1293 1863 non
1311 1826 1516 1871 memorat,
1546 1823 1618 1861 sed

220 1897 271 1922 ex
289 1885 493 1923 Plutarchi
523 1886 573 1923 de
594 1885 818 1924 Stoicorum
841 1884 1120 1934 repugnantiis
1139 1884 1241 1922 libro
1271 1885 1347 1933 (44,
1362 1885 1386 1922 (5
1400 1885 1427 1920 f.
1446 1896 1484 1933 p.
1502 1884 1618 1931 1054)

218 1946 399 1984 novimus
429 1946 693 1996 Chrysippum
722 1946 932 1985 docuisse:
961 1945 1055 1982 οὕτω
1085 1944 1125 1982 δὲ
1149 1945 1211 1981 τοῦ
1241 1944 1329 1982 ὅλου
1353 1944 1550 1995 τεινομένου
1570 1946 1619 1986 εἰς

218 2006 328 2045 ταύτὸ
362 2010 420 2045 καὶ
455 2006 663 2058 κινουμένου
699 2007 757 2045 καὶ
790 2010 862 2045 τῶν
901 2007 1032 2058 μορίων
1059 2006 1190 2058 ταύτην
1215 2006 1279 2058 τὴν
1306 2006 1435 2057 κίνησιν
1462 2006 1618 2058 ἐχόντων

219 2069 259 2107 ἐκ
289 2072 353 2119 τῆς
387 2071 451 2107 τοῦ
480 2069 647 2119 σώματος
676 2069 832 2120 φύσεως,
861 2069 1020 2118 πιθανὸν,
1049 2066 1135 2106 πᾶσι
1158 2070 1231 2110 τοῖς
1256 2067 1531 2118 σώμασινεῖναι
1557 2071 1619 2120 τὴν

217 2132 362 2182 πρώτην
391 2131 481 2169 κατὰ
503 2132 604 2182 φύσιν
634 2133 763 2182 κίνησιν
791 2129 879 2180 πρὸς
905 2132 947 2168 τὸ
973 2132 1037 2168 τοῦ
1064 2129 1202 2181 κόσμου
1230 2129 1337 2181 μέσον
1364 2143 1396 2169 κ.
1412 2143 1443 2168 τ.
1462 2131 1494 2170 λ.
1547 2132 1617 2170 At-

219 2206 295 2242 que
313 2180 492 2232 Achiuos
511 2193 652 2232 Tatius
672 2192 792 2244 (isag.
809 2192 893 2231 132.
905 2192 957 2240 A>
974 2192 1155 2241 affirmat,
1177 2192 1341 2231 stoicos
1357 2193 1617 2242 contendere,

216 2254 403 2291 mundum
429 2266 591 2303 semper
620 2254 661 2291 in
688 2253 797 2291 inani
824 2252 957 2302 spatio
986 2253 1224 2301 consistere,
1255 2252 1354 2302 Πέπεὶ
1375 2254 1490 2289 πάντα
1507 2253 1617 2290 αὐτοῦ

218 2314 262 2352 τὰ
303 2313 394 2364 μέρη
428 2314 485 2352 ἐπὶ
519 2317 559 2352 τὸ
596 2313 703 2365 μέσον
737 2313 890 2352 νένευκε.
958 2314 1081 2352 Immo
1124 2326 1222 2352 vero
1267 2314 1386 2352 etiam
1421 2316 1619 2364 putabant.

221 2375 362 2424 Stoici,
391 2380 538 2413 terram
566 2376 607 2413 in
636 2376 766 2414 medio
795 2375 941 2413 mundo
973 2375 1087 2413 sitam
1120 2375 1170 2412 ad
1199 2375 1372 2414 universi
1393 2376 1494 2414 caeli
1514 2388 1616 2413 com-

218 2436 376 2484 plexum
398 2436 511 2484 quasi
536 2436 671 2485 puncti
687 2436 817 2475 instar
833 2436 1039 2474 obtinere:
1060 2434 1165 2484 quod
1181 2434 1322 2486 κέντρον
1338 2436 1615 2486 vocabant351)

303 2587 342 2626 ³⁰)
368 2595 396 2617 v.
419 2585 535 2618 Zeller
555 2596 587 2628 p.
604 2586 665 2619 676
681 2595 732 2628 sq.

303 2639 343 2675 ³¹)
366 2636 468 2678 Diog.
492 2637 608 2669 Laert,
632 2637 677 2676 Π,
698 2637 770 2669 ι55;
801 2626 986 2679 (Ζήνων)·
1015 2627 1124 2678 μέσην
1151 2628 1213 2679 τὴν
1241 2631 1306 2678 γῆν
1334 2627 1478 2679 κέντρου
1508 2627 1614 2678 λόγον

217 2678 431 2730 ἐπέχουσαν,
461 2701 510 2705 --
545 2688 588 2720 cf.
611 2688 780 2720 Heraclit.
808 2689 949 2730 allegor.
975 2689 1113 2721 Homer.
1137 2699 1166 2720 c.
1189 2689 1237 2721 36.
