1804 2936
834 217 886 257 45

171 344 212 380 τὸ
239 340 398 391 συμφυὲς
430 339 514 388 ἡμῖν
541 340 679 389 πνεῦμα
705 339 859 389 (πνεῦμα
884 336 1166 389 σόμφυτον)75);
1195 336 1266 375 sed
1303 335 1379 374 hoc
1414 333 1552 383 πνεῦμα

173 405 236 442 est
263 398 434 449 ἔνθερμον
463 399 592 450 (ibid.)
627 400 710 439 sive
746 400 896 437 calidus
932 398 995 437 vel
1029 397 1162 448 potius
1198 396 1400 435 ardentius
1436 406 1553 444 quam

175 474 244 502 aer
275 464 408 500 terrae
441 461 661 510 proximus,
704 460 768 510 qui
806 460 950 498 dicitur
990 470 1150 497 crassus
1195 461 1312 507 atque
1342 458 1551 494 concretus

176 522 275 573 (Cic,
305 520 464 559 Tuscul.
491 520 521 570 Ι,
541 520 597 570 18,
611 520 698 569 42):
726 521 783 559 ita
808 524 851 559 ut
876 519 1074 559 interdum
1101 517 1257 556 omnino
1284 517 1389 567 ignis
1417 515 1553 567 appel-

174 585 278 624 letur
297 574 398 632 (cic,
419 581 578 620 Tuscul.
596 581 626 630 1,
642 582 678 631 9,
694 582 761 631 19;
789 585 871 619 nat.
888 581 998 620 deor,
1010 581 1083 631 IlI,
1098 581 1158 630 14,
1175 577 1340 628 136.)⁷6)
1369 577 1555 617 Ceterum

173 645 208 682 is
245 643 396 682 animus
432 641 702 679 similimodo
736 654 810 691 per
842 653 986 690 corpus
1026 645 1214 691 penetrat
1245 641 1365 689 idque
1394 641 1557 677 coercet

175 716 222 743 ac
249 702 384 741 mundi
412 701 543 739 anima
560 701 688 751 ipsum
705 701 890 739 mundum
909 700 1089 739 continet
1099 699 1171 749 ⁷²)2
1199 700 1248 738 de
1269 711 1348 750 qua
1364 710 1408 737 re
1428 697 1557 736 Stoici

175 762 293 804 valde
321 762 563 802 dissentiunt
589 762 639 801 ab
666 761 895 811 Epicureis,
928 761 993 810 qui
1021 761 1187 799 animam
1213 773 1239 798 a
1266 771 1436 809 corpore
1465 770 1555 797 con-

175 823 295 863 tineri
322 822 473 861 volunt.

278 903 380 942 Tum
406 914 503 942 vero
530 904 740 943 Lucretius
768 904 842 944 ait:

176 961 397 1014 (111‚370)2
424 962 529 1001 Illud
553 964 593 1001 in
621 964 682 1021 his
709 965 829 1002 rebus
856 974 1107 1013 nequaquam
1134 962 1288 1001 sumere
1317 960 1461 1010 possis,

422 1024 638 1064 Democriti
667 1026 773 1076 quod
801 1028 943 1066 saneta
968 1024 1041 1064 viri
1066 1022 1265 1074 sententia
1292 1021 1419 1074 ponit,

387 1090 391 1092 ”
423 1085 617 1135 Corporis
637 1090 756 1135 atque
783 1087 901 1124 animi
926 1086 1145 1136 primordia
1172 1085 1328 1134 singula
1349 1083 1474 1133 privis

423 1145 633 1196 Adposita,
659 1146 826 1186 alternis
854 1146 1011 1186 variare
1040 1157 1088 1184 ac
1115 1148 1277 1184 nectere
1306 1142 1518 1183 membra.“

281 1204 533 1246 Democritus
569 1208 727 1257 quidem
762 1207 930 1245 animum
956 1207 1246 1245 individuorum
1274 1217 1484 1255 corporum
1511 1204 1564 1242 le-

179 1266 283 1305 vium
302 1269 343 1305 et
359 1267 617 1306 rutundorum
637 1267 761 1306 efficit
780 1268 1042 1307 concursione
1063 1267 1233 1318 quadam
1252 1266 1429 1315 fortuita,
1450 1276 1563 1314 quam

179 1332 311 1366 tamen
345 1327 662 1366 concalefactam
695 1332 736 1366 et
772 1329 1020 1379 spirabilem,
1055 1329 1097 1367 id
1130 1332 1194 1368 est
1228 1327 1439 1366 animalem
1472 1336 1564 1365 esse

180 1388 264 1427 vult
289 1387 392 1437 (Cic.
420 1387 580 1427 Tuscul.
607 1387 638 1437 I,
655 1388 715 1437 11,
731 1388 799 1438 225
819 1389 878 1438 18,
897 1388 975 1439 42)
1002 1390 1120 1440 Diog.
1134 1389 1269 1427 Laert.
1285 1386 1356 1437 IX,
1375 1387 1437 1425 44.
1457 1384 1562 1424 Plut.

180 1450 283 1499 plac.
300 1449 395 1500 phil.
414 1449 485 1499 IV,
501 1449 537 1498 3,
550 1449 603 1497 4.)
1211 1466 1213 1468 ·

283 1510 395 1557 Quae
425 1509 663 1558 corpuscula
689 1511 876 1550 animalia
902 1524 982 1550 non
1011 1512 1137 1550 solum
1161 1512 1219 1549 ita
1244 1522 1318 1561 per
1335 1512 1461 1549 totum
1480 1522 1564 1548 cor-

181 1584 255 1621 pus
283 1570 476 1619 diffundit,
503 1574 546 1608 ut
572 1583 709 1610 omnes
738 1572 854 1620 hujus
881 1575 1020 1622 partes
1038 1572 1115 1611 vim
1134 1572 1386 1621 caloremque
1405 1570 1568 1609 vitalem

183 1631 394 1681 accipiant,
406 1630 457 1679 ⁷8)
488 1631 561 1670 sed
586 1631 692 1669 inter
719 1633 817 1671 duas
845 1644 1023 1682 quasque
1053 1637 1209 1672 atomos
1239 1644 1459 1681 corporeas
1487 1631 1567 1670 ool-

181 1693 291 1730 locat
318 1695 489 1730 atomum
516 1692 724 1730 animalem
750 1692 883 1743 (Lucr.
901 1693 927 1733 1.
945 1694 998 1743 c.)
1031 1693 1295 1732 Nihilominus
1315 1704 1412 1731 vero
1432 1696 1567 1742 negat,

181 1753 301 1791 animi
341 1753 624 1803 particularum
671 1758 799 1793 motus
840 1755 881 1793 in
929 1755 1109 1795 omnibus
1161 1754 1342 1804 corporis
1384 1753 1566 1804 partibus

183 1825 303 1862 pares
332 1825 446 1863 esse;
472 1815 589 1853 immo
619 1814 798 1865 singulas
827 1815 945 1854 animi
969 1816 1185 1856 facultates
1212 1816 1253 1854 in
1280 1815 1362 1854 suis
1390 1826 1568 1868 quasque

267 1955 307 1997 η)
331 1954 426 1988 Idem
442 1957 624 2001 Chrysipp.
641 1968 694 2001 ap.
714 1958 844 1999 Galen„
867 1960 1035 2005 Hippocr.
1057 1963 1092 1993 et
1103 1960 1195 1995 Plat.
1210 1960 1273 2000 m,
1292 1961 1318 1993 l.
1340 1961 1421 1993 tom.
1438 1959 1481 1998 V,
1496 1958 1566 1992 28⁷.

186 2022 225 2028 —
246 2005 370 2039 Senec.
394 2017 446 2049 ep.
465 2009 513 2048 50,
529 2012 565 2041 ὃς
604 2010 684 2052 quid
707 2013 762 2043 est
784 2012 876 2044 aliud
898 2013 1030 2045 animus
1054 2023 1154 2055 quam
1177 2012 1425 2055 quodammodo
1448 2019 1486 2043 se
1508 2009 1565 2042 ha-

182 2055 267 2088 bens
292 2058 458 2099 spiritus?
499 2060 611 2094 Vides
635 2065 749 2094 autem
770 2066 868 2097 tanto
892 2064 1049 2107 spiritum
1072 2073 1152 2096 esse
1173 2063 1365 2097 faciliorem
1387 2061 1477 2094 omni
1499 2060 1567 2092 alia

183 2108 333 2148 materia,
357 2112 484 2152 quanto
507 2113 643 2146 tenuior
665 2117 729 2147 est.

267 2187 307 2225 ⁷⁸)
329 2185 501 2218 Alexand.
517 2171 679 2230 'Aphrod
702 2188 745 2220 de
768 2187 866 2219 anim.
885 2186 1002 2220 mmo:
1033 2178 1072 2215 οἱ
1099 2177 1171 2215 ἀπὸ
1200 2181 1268 2229 τῆς
1295 2179 1404 2220 στοᾶς
1429 2177 1566 2227 πνεῦμα

182 2224 292 2277 αὐτὴν
320 2226 485 2278 λέγοντες
510 2227 595 2268 εἶναι
620 2227 846 2280 συγκείμενον
873 2242 952 2271 πως
978 2226 1021 2267 ἔκ
1039 2243 1079 2267 τε
1106 2228 1217 2281 πυρὸς
1242 2229 1300 2269 καὶ
1326 2228 1443 2281 ἀέρος.

265 2308 310 2347 ”)
333 2308 455 2340 Galen.
484 2309 505 2341 Ι.
526 2318 573 2341 c.:
617 2301 764 2352 συνεχὲς
785 2299 1030 2351 ’(τοπνεῢμα)
1057 2300 1159 2339 παντὶ
1184 2304 1238 2352 τῷ
1270 2302 1407 2351 σώματι
1433 2301 1563 2351 διῆκον.

182 2356 280 2391 Sext.
302 2358 430 2401 Empir.
458 2360 560 2393 math.
581 2360 648 2399 IX,
665 2360 715 2394 72.
736 2378 777 2384 —-
798 2359 1007 2392 Posidonius
1029 2368 1083 2404 ap.
1105 2360 1232 2394 Achill.
1255 2362 1332 2395 Tat.
1359 2361 1446 2403 isag.
1467 2369 1497 2393 c.
1514 2359 1561 2393 ffl.

183 2417 215 2449 p.
233 2409 300 2442 133.
322 2427 363 2435 —
384 2411 509 2443 senec.
532 2420 584 2453 ep.
606 2411 655 2449 57,
671 2412 707 2444 8:
744 2411 874 2449 animo,
908 2412 965 2453 qui
988 2412 1099 2445 adhuc
1126 2413 1263 2446 tenuior
1291 2414 1345 2445 est
1375 2412 1470 2453 igne,
1502 2420 1565 2455 per

183 2458 285 2492 omne
308 2469 433 2504 eorpus
455 2461 538 2503 fuga
559 2463 623 2494 est.

269 2532 307 2573 ⁸)
331 2530 481 2565 Aristot.
504 2531 545 2564 de
568 2540 621 2565 an.
642 2532 680 2572 Ι,
697 2534 726 2566 3.
742 2533 820 2568 400:
857 2523 941 2564 ἔνιοι
967 2525 1008 2564 δὲ
1034 2526 1092 2564 καὶ
1119 2528 1223 2565 κινεῖν
1249 2539 1335 2578 φασι
1359 2526 1422 2576 τὴν
1449 2525 1568 2577 ψυχὴν

183 2570 223 2607 τὸ
252 2575 357 2623 σῶμα
384 2574 420 2610 ἐν
447 2569 479 2624 ᾦ
506 2574 595 2611 ἐστιν
623 2576 674 2615 ὥς
701 2574 793 2625 αὐτὴ
821 2577 979 2625 κινεῖται,
1019 2577 1093 2615 οἷον
1120 2577 1340 2627 Δημόκριτος
1358 2607 1367 2615 .
1388 2605 1396 2612 .
1418 2606 1427 2615 .
1453 2586 1565 2614 κινου-

108 2657 114 2663 .
182 2620 292 2669 μέῖως
323 2623 391 2674 γάρ
418 2637 504 2675 φησι
530 2624 595 2666 τὰς
621 2624 841 2676 ἀδιαιρέτους
867 2627 1018 2677 σφαίρας
1038 2627 1095 2665 διὰ
1113 2628 1154 2665 τὸ
1177 2626 1370 2678 πεφυκέναι
1413 2626 1568 2678 ηδέποτε

185 2670 298 2718 μένειν
326 2675 554 2724 συνεφέλκειν
588 2676 646 2714 καὶ
672 2678 776 2715 κινεῖν
801 2679 842 2716 τὸ
868 2680 973 2728 σῶμα
999 2679 1080 2719 πᾶν.
1104 2707 1143 2711 -
1165 2687 1209 2719 ib.
1227 2687 1305 2721 αὖε
1337 2639 1474 2730 (decep)
1500 2677 1568 2735 γάρ

183 2721 272 2760 ἐστιν
300 2725 323 2776 ἡ
352 2727 449 2779 ψυχὴ
477 2727 513 2764 ἐν
538 2727 640 2765 παντὶ
666 2730 718 2780 τῷ
746 2727 995 2785 αἰσθανομένῳ
1019 2730 1168 2784 δώματι.
