1804 2936
888 175 939 215 46

216 295 398 345 corporis
427 297 608 345 partibus
637 297 695 336 ita
720 297 929 336 contendit
957 310 1046 336 esse
1075 296 1243 347 positas,
1276 300 1318 335 ut
1337 296 1531 347 cogitatio
1556 297 1609 334 sit

214 356 254 393 in
284 357 466 406 cerebro,
494 358 554 396 ira
580 358 620 395 in
648 359 782 407 eoi-‚de
810 357 935 396 libido
961 358 1001 396 in
1029 358 1187 409 hepate.
1199 356 1252 408 79)

320 415 470 464 Quibus
499 418 620 458 rebus
650 418 859 469 explicatis
887 422 1035 468 restat,
1066 423 1108 458 ut
1135 419 1184 458 de
1213 418 1343 458 anima
1371 431 1455 457 cum
1485 417 1609 457 sensi-

215 479 288 516 bus
330 478 544 529 conjuncta
582 479 801 529 loquamur.
855 480 1064 518 Lueretius
1107 480 1208 519 enim
1248 479 1314 518 ubi
1360 479 1609 517 demonstrat

217 551 292 588 „ea
327 552 428 590 quae
473 540 624 579 sentire
666 540 870 579 videamus
909 553 960 580 ex
1002 541 1258 580 insensilibus
1300 544 1432 579 tamen
1479 538 1610 577 omnia

218 603 405 638 constare
433 601 669 652 principiis“
698 602 767 650 (ΙΙ,
778 599 881 652 865),
910 601 1044 652 pergit
1071 602 1227 641 dicere·

215 660 284 708 (ΙΙ,
299 660 411 702 902);
465 661 620 701 Deinde
650 674 710 711 ea,
741 662 955 701 seminibus
983 662 1048 712 qui
1076 662 1225 701 sensile
1254 674 1375 712 posse
1403 661 1532 700 creari

463 723 711 762 cunstituunt
738 736 859 773 porro
885 736 935 761 ex
962 724 1051 761 aliis
1080 723 1228 762 sentire
1258 722 1396 771 suetis,

464 783 602 821 mollia
627 783 706 832 jam
734 784 899 824 faciunt.
930 797 964 823 e.
995 798 1032 834 q.
1062 797 1092 823 s.

320 843 395 889 Qui
425 855 581 887 versus,
615 845 646 883 si
676 846 802 882 minus
832 845 881 882 ad
912 844 1138 893 Platonem,
1174 844 1240 893 qui
1267 843 1447 882 omnibus
1474 843 1607 891 rebus,

217 915 318 951 quae
348 903 486 940 vivant
512 907 630 953 atque
662 905 843 953 vigeant,
880 905 1047 941 animum
1075 904 1114 941 id
1142 907 1204 941 cst
1231 903 1306 940 vim
1334 903 1495 941 vitalem
1519 914 1606 941 sen-

218 975 381 1013 sumque
422 977 445 1002 a
480 968 610 1004 mente
646 964 779 1003 divina
807 965 995 1004 tributum
1023 960 1122 1005 esse*
1145 965 1319 1014 censuit,
1348 968 1390 1003 at
1417 967 1526 1003 certe
1555 964 1607 1002 ad

216 1026 502 1075 Anaxagoram
539 1026 724 1063 videntur
755 1026 973 1064 referendi.
1027 1028 1067 1064 Is
1102 1027 1225 1074 enim,
1267 1037 1383 1075 quum
1419 1024 1533 1064 dicit:
1571 1023 1607 1060 ἐν

215 1084 321 1122 παντὶ
344 1085 477 1127 παντὸς
505 1087 609 1137 μοῖρα
636 1083 747 1123 ἔνεστι
773 1087 866 1137 πλὴν
891 1085 992 1124 νόου·
1022 1084 1096 1124 ἔστι
1124 1086 1191 1124 οἷσι
1218 1085 1259 1124 δὲ
1286 1084 1343 1124 καὶ
1368 1084 1448 1127 νόος
1475 1083 1607 1124 ἔνιιί-

1201 1149 1359 1198 (fragm.
1378 1148 1413 1187 5.
1429 1148 1557 1194 Mull.)

218 1212 260 1246 et
286 1207 372 1255 (ὅσα
409 1223 447 1245 τε
476 1209 594 1258 ψυχὴν
631 1207 710 1258 ἔχει
738 1208 794 1245 καὶ
821 1209 864 1245 τὰ
894 1209 1001 1258 μείζω
1036 1209 1093 1246 καὶ
1120 1208 1163 1245 τὰ
1177 1202 1337 1246 χέλάσσω
1366 1208 1506 1245 πάντων
1529 1206 1608 1248 νόος

218 1268 393 1320 ἐκράτησε
419 1284 449 1308 κ.
471 1284 501 1308 τ.
524 1271 556 1308 λ.
585 1268 743 1319 (fragm.
760 1269 800 1318 6)
837 1270 931 1308 nihil
967 1271 1074 1309 aliud
1111 1270 1186 1309 sibi
1214 1270 1316 1320 vult,
1356 1282 1472 1319 quam
1499 1273 1542 1308 ut
1567 1270 1608 1308 in

217 1331 397 1374 omnibus
425 1333 546 1369 rebus
575 1332 655 1368 vita
691 1331 887 1380 praeditis
916 1331 1083 1368 animum
1113 1342 1349 1380 sensumque
1377 1330 1510 1369 inesse
1539 1342 1607 1379 pu-

214 1395 354 1430 temus.
410 1391 510 1430 Nam
540 1391 692 1430 animus
719 1391 876 1441 quidem
906 1391 991 1430 sine
1021 1403 1139 1430 sensu
1160 1391 1346 1442 profecto
1365 1403 1445 1429 non
1470 1394 1609 1441 potest

216 1453 400 1502 cogitari.
457 1454 588 1502 Atque
620 1466 736 1502 quum
764 1452 943 1499 animum,
974 1453 1038 1501 qui
1068 1453 1171 1490 idem
1201 1453 1253 1491 sit
1272 1453 1376 1501 quod
1400 1451 1607 1500 anima,80)

213 1514 478 1564 Anaxagoras
511 1514 718 1553 confirmet
752 1512 830 1550 vim
863 1525 954 1551 esse
982 1517 1129 1551 motum
1168 1514 1411 1551 efficientem
1443 1513 1468 1552 i.
1498 1525 1531 1552 e.
1567 1513 1606 1550 in

214 1575 395 1613 omnibus
423 1576 541 1613 rebus
569 1575 703 1613 inesse
734 1586 835 1623 quae
865 1586 908 1612 se
937 1574 1051 1623 ipsae
1071 1574 1332 1623 iiioveant,8¹)
1360 1575 1537 1623 sequitur
1565 1578 1607 1611 ut

214 1635 406 1683 ejusmodi
444 1648 510 1673 res
530 1634 616 1686 jam
650 1637 742 1675 inde
779 1636 829 1673 ab
858 1634 968 1674 initio
997 1634 1115 1673 etiam
1145 1646 1266 1674 sensu
1294 1634 1498 1686 praeditas
1527 1638 1604 1673 sta-

214 1695 410 1745 tueritffl)

315 1757 472 1796 Deinde
510 1757 738 1805 Lueretius,
780 1761 823 1794 ut
854 1756 953 1794 alias
995 1768 1153 1806 quoque
1188 1756 1401 1806 opiniones
1434 1757 1605 1806 refellat,

211 1819 251 1857 in
279 1818 383 1857 libro
412 1819 472 1857 111
500 1821 554 1865 (v.
573 1817 650 1857 350
667 1819 774 1867 sqq.)
803 1818 878 1857 ait:

398 1880 461 1928 „si
490 1880 578 1928 quis
609 1891 754 1928 corpus
784 1879 933 1917 sentire
963 1878 1125 1927 refutat,

397 1941 530 1990 Atque
560 1941 726 1978 animam
755 1940 882 1979 credit
910 1940 1141 1989 permixtam
1172 1951 1343 1989 corpore
1370 1943 1458 1978 toto

401 2001 616 2050 Suscipere
644 2001 747 2039 hunc
776 2005 921 2039 motum
950 2013 1065 2050 quem
1094 2013 1252 2040 sensum
1280 2000 1575 2038 nominitamus:

398 2062 477 2100 Vel
504 2063 737 2102 manifestas
765 2075 831 2101 res
861 2066 1002 2101 contra
1026 2073 1226 2111 verasque
1254 2064 1465 2112 repugnat.

298 2257 337 2296 7·)
360 2256 520 2289 Democr.
544 2247 621 2298 περὶ
649 2246 843 2298 ἀνθρώπου
869 2245 1025 2310 φυὸεως,
1062 2255 1181 2296 fragm.
1196 2254 1232 2287 fi:
1256 2254 1434 2286 cerebrum
1458 2253 1609 2291 vocatur,

242 2257 337 2339 ύλαΕ)
350 2298 529 2362 διανοίης,
560 2308 658 2347 srgm
684 2307 721 2339 15
748 2316 808 2338 cor
835 2297 990 2347 βασιλὶς
997 2297 1106 2347 ὀργῆς
1132 2294 1290 2345 τιθηνός,
1323 2304 1480 2345 srgm.17
1503 2305 1610 2345 hepar

212 2313 257 2386 Ξπ
259 2348 400 2399 ιθυμίης
427 2348 545 2386 αἴτιον.

297 2420 338 2460 ⁸⁰)
361 2418 512 2451 Aristot.
536 2419 579 2450 de
602 2428 655 2450 an.
679 2418 856 2455 1‚2‚683;
883 2417 960 2450 405.
990 2405 1113 2449 Ἀναξ.
1142 2404 1168 2443 δ’
1191 2405 1286 2444 ἔοικε
1313 2406 1376 2456 μὲν
1402 2404 1523 2468 ἕτερον
1552 2405 1608 2443 λέ-

212 2474 284 2510 γειν
313 2460 432 2512 ψυχήν
461 2474 501 2498 τε
528 2460 585 2498 καὶ
611 2462 705 2510 νοῦν,
734 2460 856 2510 ὥσπερ
885 2457 1028 2509 εἴπομεν
1056 2455 1316 2508 καὶπρότερον,
1345 2459 1474 2510 χρῆται
1493 2453 1520 2493 δ’
1542 2455 1607 2506 ἀμ-

213 2514 293 2562 φοῖν
322 2513 372 2552 ὡς
399 2514 461 2562 μιᾷ
491 2511 605 2562 φύσει.

301 2582 342 2620 ⁸¹)
366 2580 447 2612 ibid.
466 2581 543 2612 404:
573 2571 706 2637 ὁμοιως
726 2570 767 2607 δὲ
786 2571 843 2608 καὶ
860 2569 980 2612 ’.ΑναΕ
1000 2570 1118 2620 ψυχὴν
1138 2567 1223 2606 εἶναι
1244 2569 1340 2619 λέγει
1357 2571 1419 2619 τὴν
1438 2569 1610 2617 κινοῦσαν,

216 2622 273 2660 καὶ
300 2622 336 2661 εἴ
357 2636 408 2664 τις
435 2621 547 2663 ἄλλος
574 2620 711 2673 εἴρηκεν
740 2623 790 2663 ὡς
817 2622 858 2659 τὸ
887 2623 957 2660 πᾶν
985 2620 1122 2672 ἐκίνησε
1150 2619 1243 2662 νοῦς.

297 2685 339 2722 ³²)
362 2693 392 2715 v.
415 2681 531 2714 Zeller
552 2681 585 2719 Ι,
608 2692 640 2725 p.
654 2682 806 2715 695—97.
