1804 2936
841 224 843 226 q
882 163 908 209 2

378 318 424 338 ,‚.
451 320 459 328 .
490 320 497 327 .
528 287 700 340 quidque
729 289 767 328 in
799 303 868 329 sua
900 302 1074 341 corpora
1099 300 1253 331 rursum

382 351 570 390 dissolvit
596 355 737 390 natura
760 364 889 402 neque
919 353 970 391 ad
996 352 1116 391 nilum
1134 353 1326 392 interimit
1343 351 1434 391 res“
1461 349 1587 402 1‚215.

296 412 370 450 His
393 412 550 460 quidem
570 413 855 451 universum
876 426 966 453 esse
988 414 1164 462 efficitur,
1186 415 1291 465 quod
1313 426 1469 463 semper
1483 414 1588 452 idem

194 477 423 524 permanet,
462 472 553 522 quia
581 472 687 512 aliud
715 473 812 512 nihil
840 474 1050 525 invenitur,
1077 475 1116 514 in
1146 476 1253 526 quod
1279 476 1420 515 mutari
1447 475 1589 526 possit.

195 535 310 582 Quod
347 535 570 573 universum
608 536 657 572 ab
687 535 861 585 Epicuro
893 536 1139 586 appellatur:
1174 537 1215 574 τὸ
1243 539 1311 574 πᾶν
1339 537 1437 586 (39),
1467 538 1490 586 ἢ
1518 538 1589 573 τῶν

194 595 290 633 ὅλων
317 595 431 646 φύσις,
461 596 483 646 ἡ
512 598 581 632 τῶν
610 594 724 633 ὄντων
752 596 863 646 φύσις,
889 597 1020 638 παντὸς
1047 598 1149 649 φύσις
1176 598 1241 646 (D.
1257 598 1302 636 L.
1317 598 1368 637 X.
1384 597 1538 647 saepe),
1566 609 1590 635 a

195 657 408 694 Lucretio:
439 669 554 694 omne
584 656 631 706 (Ι,
648 657 735 705 967,
751 658 940 706 969,975,
958 659 1085 707 1001),
1115 672 1229 697 omne
1252 659 1357 708 quod
1379 663 1442 696 est
1466 657 1588 707 (958),

195 729 310 754 omne
338 716 571 755 immensum
601 718 696 766 (74),
728 730 877 756 summa
897 719 1021 767 (963),
1049 719 1171 757 totius
1192 732 1341 758 summa
1359 718 1589 767 (II,89,90)‚

195 789 343 815 sumnia
375 778 500 816 omnis
529 778 701 827 (13620),
738 790 887 816 summa
913 782 1018 827 tota,
1057 791 1205 817 summa
1233 790 1466 818 summarum
1498 776 1588 825 (III,

194 838 299 886 817),
327 838 507 876 immensi
536 850 685 876 summa
713 837 926 888 (11,1095)‚
957 852 1107 878 summa
1135 840 1297 877 summai
1318 838 1440 877 totius
1465 838 1590 876 omnis

157 911 174 928 ⁸
195 897 403 948 (V]‚679)‚
449 910 598 937 summa
639 911 769 936 rerum
805 901 851 948 (I,
869 901 955 948 235,
975 900 1063 939 334.
1098 900 1149 948 II,
1173 899 1251 948 75),
1295 900 1420 938 omnis
1462 899 1591 936 'rerum

196 972 347 998 summa
374 959 550 1007 (1‚503)‚
588 960 714 998 omnis
743 965 885 999 natura
914 960 1018 1011 (420,
1033 960 1146 1009 573),
1183 963 1270 998 tota
1296 965 1439 998 natura
1466 959 1590 1009 (769).

194 1020 499 1069 Distinguuntur
542 1033 638 1059 vcro
685 1022 734 1059 ab
772 1022 947 1071 Epicuro
991 1022 1093 1059 duae
1128 1021 1303 1060 universi
1337 1025 1496 1071 partem
1537 1020 1593 1057 ait

195 1081 298 1117 enim
325 1081 553 1119 Lucretius:
587 1084 739 1130 „omnis
771 1087 912 1120 natura
948 1083 1099 1120 duabus
1131 1082 1136 1130 Ι
1168 1081 1350 1120 constitit
1383 1081 1422 1118 in
1458 1080 1590 1127 rebus,

193 1153 283 1178 nam
321 1153 544 1190 corpora
580 1146 671 1180 sunt
709 1147 750 1180 ct
785 1143 955 1181 inane“
992 1143 1041 1191 (I,
1056 1143 1168 1191 420):
1211 1155 1374 1193 quorum
1412 1142 1590 1191 alterum,

196 1214 310 1250 quum
329 1213 473 1239 revera
494 1202 589 1240 nihil
609 1203 671 1252 sit,
700 1208 867 1242 vocatur
886 1205 1023 1242 etiam:
1052 1216 1215 1241 vacuum
1236 1201 1339 1253 (393,
1350 1203 1436 1252 394,
1447 1202 1590 1251 439..)‚

194 1262 376 1300 intactile
399 1262 519 1312 (437),
550 1265 733 1313 corporis
760 1277 919 1314 expers,
948 1264 1130 1315 spatium,
1157 1264 1271 1303 locus
1300 1262 1458 1313 (426..),
1489 1274 1592 1312 quae

194 1324 306 1373 tangi
335 1336 414 1362 non
442 1328 582 1373 potest
608 1329 771 1374 natura,
808 1325 919 1363 locus
948 1325 1123 1364 intactus
1151 1336 1380 1373 vacansque
1410 1324 1525 1371 (334.
1542 1326 1591 1373 .),

197 1385 304 1435 quod
331 1388 470 1423 manet
496 1385 690 1423 intactum
718 1398 848 1436 neque
877 1386 928 1423 ab
946 1385 1027 1424 ictu
1046 1386 1223 1436 fungitur
1240 1385 1360 1424 hilum
1388 1384 1591 1434 (1Π,814),

194 1446 314 1484 inane
338 1458 504 1484 vacuum
531 1446 627 1494 (sie!
656 1447 783 1495 I‚509.
802 1447 1244 1495 11‚151.158.202.236)
1274 1451 1315 1485 et
1342 1447 1521 1486 Graece:
1550 1444 1591 1482 τὸ

195 1506 307 1556 μηδέν
325 1507 591 1554 (Pluteolot.
604 1507 682 1554 13),
708 1506 749 1543 τὸ
777 1506 889 1555 κενόν,
918 1507 941 1557 ἠ
969 1507 1085 1558 χώρα,
1114 1507 1133 1544 ὁ
1160 1506 1280 1555 τόπος,
1308 1507 1332 1556 ἠ
1361 1505 1499 1557 ἀναφὴς
1526 1504 1591 1556 φό-

195 1581 247 1608 σις
275 1567 525 1617 (D.L.X,40.
537 1567 616 1616 86),
645 1567 668 1618 ἡ
696 1569 799 1605 κενοῦ
827 1566 930 1618 φύσις
957 1568 1160 1617 (ibid.44),
1188 1567 1228 1605 τὸ
1257 1566 1400 1618 ἀναφές,
1428 1566 1470 1604 τὸ
1498 1565 1591 1604 ἀσώ-

197 1642 308 1678 ματον
336 1629 436 1677 (67),
467 1627 661 1678 ἄπρακτον,
691 1628 829 1668 ἀπαθές
856 1628 1209 1676 (Plut.Colot.13).
1245 1627 1467 1666 Praeterea
1492 1626 1591 1676 legi·
1623 1636 1627 1639 ’

201 1702 286 1728 mus
316 1690 423 1740 apud
451 1689 657 1728 Laertium
684 1689 752 1740 (X,
764 1690 850 1734 67):
880 1688 946 1738 ,,τὸ
972 1688 1071 1727 κενὸν
1099 1688 1183 1727 οὔτε
1205 1691 1347 1739 ποιῆσαι
1365 1685 1449 1725 οὔτε
1467 1685 1592 1724 παθεῖν

197 1749 362 1797 δύναται,
400 1749 496 1787 ἀλλὰ
523 1749 653 1800 κίνησιν
681 1750 789 1799 μόνον
819 1748 856 1787 δι’
887 1750 1017 1787 ἑαυτοῦ
1044 1752 1115 1790 τοῖς
1140 1750 1281 1798 σώμασι
1305 1747 1524 1798 παρέχεταιίι
1554 1752 1594 1784 et

197 1810 305 1860 apud
333 1810 590 1848 Plutarchum
617 1810 740 1860 (plac.
758 1810 850 1860 phil.
870 1810 901 1858 Ι,
919 1811 1008 1859 20):
1044 1809 1085 1847 τὸ
1113 1808 1212 1847 κενὸν
1238 1807 1324 1847 εἶναι
1349 1807 1496 1859 ἐρημίαν
1523 1806 1591 1844 σώ-

200 1870 350 1921 ματος.“
396 1871 530 1920 Atque
560 1871 774 1920 gravitatis
799 1871 898 1909 illud
920 1883 1065 1921 expers
1085 1882 1177 1910 esse
1197 1870 1260 1909 hic
1280 1870 1400 1908 docet
1417 1867 1594 1907 Lucretii

196 1943 338 1970 versus
368 1931 541 1981 (I‚363):

308 1996 476 2041 „contra
506 1995 638 2032 autem
667 1997 813 2032 natura
834 1998 967 2033 manet
995 1994 1081 2034 sine
1108 1993 1289 2044 pondere
1318 1991 1484 2031 inanis.“

195 2054 377 2092 Locum
407 2058 538 2092 autem
564 2054 684 2092 inane
711 2061 834 2092 vocat
858 2054 1081 2103 Lucretius,
1111 2054 1145 2092 si
1171 2054 1211 2091 in
1240 2065 1289 2091 eo
1318 2064 1490 2102 corpora
1516 2052 1594 2090 sita

198 2118 300 2164 sunt,
330 2113 615 2164 spatium1),
652 2114 685 2152 si
718 2126 792 2165 per
817 2115 915 2153 illud
945 2127 1116 2165 corpora
1142 2117 1352 2152 moventur
1379 2113 1590 2164 (I‚426..)2

194 2176 235 2213 id
270 2176 375 2224 quod
404 2174 642 2213 Plutarchus
668 2176 741 2224 (pl.
759 2176 823 2225 ph.
842 2176 950 2225 I‚.‘20)
980 2176 1037 2214 sic
1072 2175 1268 2224 explicat:
1303 2173 1363 2210 τὸν
1391 2174 1432 2210 δὲ
1458 2172 1593 2211 τόπον

194 2235 236 2272 τὸ
263 2234 438 2285 ἐχόμενον
475 2234 543 2271 ὐπὸ
574 2236 637 2271 τοῦ
666 2235 848 2285 σώματος,
887 2237 949 2287 τὴν
977 2236 1019 2274 δὲ
1045 2234 1194 2286 χώραν
1220 2232 1262 2271 τὸ
1290 2231 1330 2270 ἐκ
1358 2232 1487 2284 μέρους
1514 2231 1592 2284 ἐχό-

192 2310 309 2347 μενον,
340 2296 458 2345 ὥςπερ
486 2294 543 2332 ἐπὶ
568 2297 632 2344 τῆς
654 2296 717 2332 τοῦ
744 2295 837 2334 οἷ’νου
860 2297 1055 2346 ἰτιῦοἱκνηςιί
1084 2300 1127 2334 et
1144 2295 1268 2333 fusius
1289 2295 1592 2343 accuratiusque

197 2356 344 2395 Sextus
378 2356 604 2406 Empiricus
639 2356 748 2405 (adv.
772 2356 880 2406 phys.
901 2356 954 2406 X,
981 2356 1099 2405 §.2):
1136 2353 1254 2405 „xottdt
1288 2352 1348 2391 τὸν
1382 2350 1592 2405 Ἐπίκουρον

194 2419 258 2467 τῆς
293 2416 451 2468 ἀναφοῦς
478 2415 704 2467 καλουμένης
731 2416 874 2468 φύσεως
902 2419 942 2455 τὸ
974 2417 1037 2468 μέν
1072 2431 1104 2454 τι
1132 2416 1343 2466 ὀνομάζεται
1369 2415 1522 2465 κενὸν,
1550 2415 1591 2453 τὸ

196 2477 237 2515 δὲ
270 2476 425 2527 τόπος,
461 2477 502 2515 τὸ
536 2477 579 2515 δὲ
612 2477 764 2528 χώρα.
786 2508 794 2517 .
816 2507 824 2516 .
846 2477 1014 2526 ,ἐπείπερ
1048 2478 1071 2526 ἡ
1108 2476 1198 2525 αὐτὴ
1233 2475 1336 2526 φύσις
1369 2474 1503 2526 ἔρημος
1529 2475 1594 2526 μὲν

194 2538 433 2589 καθεστηκυῖα
450 2537 583 2579 παντὸς
605 2537 772 2589 σώματος
790 2536 890 2574 κενὸν
909 2538 1217 2589 προςαγορεύεται,
1245 2535 1591 2589 καταλαμβανομένη

279 2660 307 2700 ¹)
329 2658 404 2690 sive
424 2657 623 2699 „regionem
645 2658 737 2692 loci“
760 2658 837 2699 (VI,
854 2658 942 2700 833).
