<?xml version="1.0" encoding="UTF-8"?>
<!DOCTYPE html PUBLIC "-//W3C//DTD XHTML 1.0 Transitional//EN"
    "http://www.w3.org/TR/xhtml1/DTD/xhtml1-transitional.dtd">
<html xmlns="http://www.w3.org/1999/xhtml" xml:lang="en" lang="en">
 <head>
  <title>
</title>
<meta http-equiv="Content-Type" content="text/html;charset=utf-8" />
  <meta name='ocr-system' content='tesseract 3.04.00' />
  <meta name='ocr-capabilities' content='ocr_page ocr_carea ocr_par ocr_line ocrx_word'/>
</head>
<body>
  <div class='ocr_page' id='page_1' title='image "4737248_0040.png"; bbox 0 0 1804 2936; ppageno 0'>
   <div class='ocr_carea' id='block_1_1' title="bbox 875 205 925 245">
    <p class='ocr_par' dir='ltr' id='par_1_1' title="bbox 875 205 925 245">
     <span class='ocr_line' id='line_1_1' title="bbox 875 205 925 245; baseline 0.02 -1"><span class='ocrx_word' id='word_1_1' title='bbox 875 205 925 245; x_wconf 82' lang='lat'>28</span> 
     </span>
    </p>
   </div>
   <div class='ocr_carea' id='block_1_2' title="bbox 202 325 1611 2502">
    <p class='ocr_par' dir='ltr' id='par_1_2' title="bbox 202 325 1603 1045">
     <span class='ocr_line' id='line_1_2' title="bbox 247 325 1531 377; baseline 0.003 -15"><span class='ocrx_word' id='word_1_2' title='bbox 247 325 419 376; x_wconf 28' lang='lat' dir='ltr'>&lt;.I‚712):</span> <span class='ocrx_word' id='word_1_3' title='bbox 448 327 565 365; x_wconf 85' lang='lat' dir='ltr'><strong>Adde</strong></span> <span class='ocrx_word' id='word_1_4' title='bbox 594 327 714 365; x_wconf 85' lang='lat' dir='ltr'>etiam</span> <span class='ocrx_word' id='word_1_5' title='bbox 743 327 809 377; x_wconf 89' lang='lat' dir='ltr'>qui</span> <span class='ocrx_word' id='word_1_6' title='bbox 839 327 1128 377; x_wconf 80' lang='lat' dir='ltr'>conduplicant</span> <span class='ocrx_word' id='word_1_7' title='bbox 1154 327 1373 377; x_wconf 86' lang='lat' dir='ltr'>primordia</span> <span class='ocrx_word' id='word_1_8' title='bbox 1399 340 1531 366; x_wconf 85' lang='lat' dir='ltr'>rerum</span> 
     </span>
     <span class='ocr_line' id='line_1_3' title="bbox 449 387 1461 438; baseline 0.001 -13"><span class='ocrx_word' id='word_1_9' title='bbox 449 387 558 425; x_wconf 76' lang='lat' dir='ltr'>Aera</span> <span class='ocrx_word' id='word_1_10' title='bbox 578 387 800 437; x_wconf 84' lang='lat' dir='ltr'>jungentes</span> <span class='ocrx_word' id='word_1_11' title='bbox 829 388 926 438; x_wconf 83' lang='lat' dir='ltr'>igni,</span> <span class='ocrx_word' id='word_1_12' title='bbox 955 392 1182 437; x_wconf 81' lang='lat' dir='ltr'>terramque</span> <span class='ocrx_word' id='word_1_13' title='bbox 1211 387 1382 438; x_wconf 86' lang='lat' dir='ltr'>liquori“</span> <span class='ocrx_word' id='word_1_14' title='bbox 1410 409 1461 415; x_wconf 94' lang='lat'><strong>—</strong></span> 
     </span>
     <span class='ocr_line' id='line_1_4' title="bbox 203 446 1599 497; baseline 0.002 -14"><span class='ocrx_word' id='word_1_15' title='bbox 203 446 325 483; x_wconf 83' lang='lat' dir='ltr'>ctiam</span> <span class='ocrx_word' id='word_1_16' title='bbox 356 447 505 496; x_wconf 80' lang='lat' dir='ltr'>duplex</span> <span class='ocrx_word' id='word_1_17' title='bbox 525 447 690 497; x_wconf 86' lang='lat' dir='ltr'><strong>aliquod</strong></span> <span class='ocrx_word' id='word_1_18' title='bbox 710 459 840 486; x_wconf 88' lang='lat' dir='ltr'>rerum</span> <span class='ocrx_word' id='word_1_19' title='bbox 859 448 1011 486; x_wconf 87' lang='lat' dir='ltr'>initium</span> <span class='ocrx_word' id='word_1_20' title='bbox 1037 447 1255 497; x_wconf 84' lang='lat' dir='ltr'>repudians</span> <span class='ocrx_word' id='word_1_21' title='bbox 1269 448 1481 488; x_wconf 87' lang='lat' dir='ltr'>Lucretius</span> <span class='ocrx_word' id='word_1_22' title='bbox 1508 461 1599 487; x_wconf 92' lang='lat' dir='ltr'>con-</span> 
     </span>
     <span class='ocr_line' id='line_1_5' title="bbox 202 507 1600 558; baseline 0.004 -15"><span class='ocrx_word' id='word_1_23' title='bbox 202 511 335 544; x_wconf 85' lang='lat' dir='ltr'>tentus</span> <span class='ocrx_word' id='word_1_24' title='bbox 367 511 447 556; x_wconf 84' lang='lat' dir='ltr'>est,</span> <span class='ocrx_word' id='word_1_25' title='bbox 492 508 591 546; x_wconf 82' lang='lat' dir='ltr'>duas</span> <span class='ocrx_word' id='word_1_26' title='bbox 627 511 779 546; x_wconf 83' lang='lat' dir='ltr'>tantum</span> <span class='ocrx_word' id='word_1_27' title='bbox 815 508 980 546; x_wconf 83' lang='lat' dir='ltr'>aliorum</span> <span class='ocrx_word' id='word_1_28' title='bbox 1016 507 1344 558; x_wconf 84' lang='lat' dir='ltr'>philosophorum</span> <span class='ocrx_word' id='word_1_29' title='bbox 1374 509 1600 548; x_wconf 79' lang='lat' dir='ltr'>sententias</span> 
     </span>
     <span class='ocr_line' id='line_1_6' title="bbox 204 567 1600 620; baseline 0.002 -15"><span class='ocrx_word' id='word_1_30' title='bbox 204 567 403 606; x_wconf 83' lang='lat' dir='ltr'>attulisse.</span> <span class='ocrx_word' id='word_1_31' title='bbox 460 567 632 615; x_wconf 85' lang='lat' dir='ltr'>Quarum</span> <span class='ocrx_word' id='word_1_32' title='bbox 661 580 740 606; x_wconf 87' lang='lat' dir='ltr'>una</span> <span class='ocrx_word' id='word_1_33' title='bbox 768 574 832 608; x_wconf 87' lang='lat' dir='ltr'>est</span> <span class='ocrx_word' id='word_1_34' title='bbox 860 568 1081 620; x_wconf 83' lang='lat' dir='ltr'>Ocnopidis</span> <span class='ocrx_word' id='word_1_35' title='bbox 1102 567 1338 618; x_wconf 76' lang='lat' dir='ltr'>Chii³¹)(?),</span> <span class='ocrx_word' id='word_1_36' title='bbox 1367 569 1496 608; x_wconf 82' lang='lat' dir='ltr'>altera</span> <span class='ocrx_word' id='word_1_37' title='bbox 1519 568 1600 608; x_wconf 90' lang='lat' dir='ltr'>Xe·</span> 
     </span>
     <span class='ocr_line' id='line_1_7' title="bbox 203 627 1600 680; baseline 0.001 -14"><span class='ocrx_word' id='word_1_38' title='bbox 203 628 400 678; x_wconf 86' lang='lat' dir='ltr'>nophanis</span> <span class='ocrx_word' id='word_1_39' title='bbox 418 627 673 680; x_wconf 83' lang='lat' dir='ltr'>Colophonii.</span> <span class='ocrx_word' id='word_1_40' title='bbox 730 628 811 668; x_wconf 82' lang='lat' dir='ltr'>Sed</span> <span class='ocrx_word' id='word_1_41' title='bbox 840 643 957 680; x_wconf 89' lang='lat' dir='ltr'>quum</span> <span class='ocrx_word' id='word_1_42' title='bbox 978 630 1075 669; x_wconf 88' lang='lat' dir='ltr'>nihil</span> <span class='ocrx_word' id='word_1_43' title='bbox 1102 629 1241 678; x_wconf 79' lang='lat' dir='ltr'>abhuc,</span> <span class='ocrx_word' id='word_1_44' title='bbox 1273 642 1350 679; x_wconf 90' lang='lat' dir='ltr'>quo</span> <span class='ocrx_word' id='word_1_45' title='bbox 1380 630 1480 670; x_wconf 79' lang='lat' dir='ltr'>satis</span> <span class='ocrx_word' id='word_1_46' title='bbox 1508 642 1600 669; x_wconf 90' lang='lat' dir='ltr'>con-</span> 
     </span>
     <span class='ocr_line' id='line_1_8' title="bbox 203 689 1602 741; baseline 0.002 -14"><span class='ocrx_word' id='word_1_47' title='bbox 203 690 379 728; x_wconf 81' lang='lat' dir='ltr'>firmetur</span> <span class='ocrx_word' id='word_1_48' title='bbox 406 689 658 740; x_wconf 87' lang='lat' dir='ltr'>Oenopidem</span> <span class='ocrx_word' id='word_1_49' title='bbox 700 696 836 729; x_wconf 76' lang='lat' dir='ltr'>aerem</span> <span class='ocrx_word' id='word_1_50' title='bbox 876 692 1086 741; x_wconf 82' lang='lat' dir='ltr'>ignemque</span> <span class='ocrx_word' id='word_1_51' title='bbox 1127 703 1257 730; x_wconf 83' lang='lat' dir='ltr'>rerum</span> <span class='ocrx_word' id='word_1_52' title='bbox 1300 690 1500 741; x_wconf 86' lang='lat' dir='ltr'>principia</span> <span class='ocrx_word' id='word_1_53' title='bbox 1535 691 1602 730; x_wconf 89' lang='lat' dir='ltr'>ha-</span> 
     </span>
     <span class='ocr_line' id='line_1_9' title="bbox 205 751 1599 802; baseline 0.001 -15"><span class='ocrx_word' id='word_1_54' title='bbox 205 751 351 799; x_wconf 75' lang='lat' dir='ltr'>buisse,</span> <span class='ocrx_word' id='word_1_55' title='bbox 383 751 627 800; x_wconf 69' lang='lat' dir='ltr'>potuerimus</span> <span class='ocrx_word' id='word_1_56' title='bbox 646 751 839 799; x_wconf 84' lang='lat' dir='ltr'>invenire,</span> <span class='ocrx_word' id='word_1_57' title='bbox 869 755 1019 790; x_wconf 88' lang='lat' dir='ltr'>tantum</span> <span class='ocrx_word' id='word_1_58' title='bbox 1043 752 1092 790; x_wconf 90' lang='lat' dir='ltr'>de</span> <span class='ocrx_word' id='word_1_59' title='bbox 1108 751 1360 801; x_wconf 84' lang='lat' dir='ltr'>Xenophane</span> <span class='ocrx_word' id='word_1_60' title='bbox 1381 752 1599 802; x_wconf 86' lang='lat' dir='ltr'>loquemur.</span> 
     </span>
     <span class='ocr_line' id='line_1_10' title="bbox 205 811 1603 862; baseline 0.003 -13"><span class='ocrx_word' id='word_1_61' title='bbox 205 812 265 849; x_wconf 80' lang='lat' dir='ltr'>Ex</span> <span class='ocrx_word' id='word_1_62' title='bbox 292 812 419 861; x_wconf 82' lang='lat' dir='ltr'>ipsius</span> <span class='ocrx_word' id='word_1_63' title='bbox 449 812 553 850; x_wconf 92' lang='lat' dir='ltr'>enim</span> <span class='ocrx_word' id='word_1_64' title='bbox 586 811 761 850; x_wconf 80' lang='lat' dir='ltr'>carmine</span> <span class='ocrx_word' id='word_1_65' title='bbox 797 824 875 849; x_wconf 92' lang='lat' dir='ltr'>non</span> <span class='ocrx_word' id='word_1_66' title='bbox 913 812 1039 851; x_wconf 86' lang='lat' dir='ltr'>solum</span> <span class='ocrx_word' id='word_1_67' title='bbox 1068 824 1207 851; x_wconf 89' lang='lat' dir='ltr'>versus</span> <span class='ocrx_word' id='word_1_68' title='bbox 1236 812 1438 862; x_wconf 80' lang='lat' dir='ltr'>proditur:</span> <span class='ocrx_word' id='word_1_69' title='bbox 1473 812 1603 853; x_wconf 77' lang='grc' dir='ltr'>πάντες</span> 
     </span>
     <span class='ocr_line' id='line_1_11' title="bbox 204 870 1601 922; baseline 0.001 -13"><span class='ocrx_word' id='word_1_70' title='bbox 204 872 271 922; x_wconf 72' lang='grc' dir='ltr'>γὰρ</span> <span class='ocrx_word' id='word_1_71' title='bbox 299 872 402 922; x_wconf 80' lang='grc' dir='ltr'>γαίης</span> <span class='ocrx_word' id='word_1_72' title='bbox 428 886 467 909; x_wconf 85' lang='grc' dir='ltr'>τε</span> <span class='ocrx_word' id='word_1_73' title='bbox 496 871 554 909; x_wconf 84' lang='grc' dir='ltr'>καὶ</span> <span class='ocrx_word' id='word_1_74' title='bbox 580 871 711 912; x_wconf 77' lang='grc' dir='ltr'>ὕδατος</span> <span class='ocrx_word' id='word_1_75' title='bbox 738 870 979 921; x_wconf 75' lang='grc' dir='ltr'>ἐκγενόμεσθα</span> <span class='ocrx_word' id='word_1_76' title='bbox 1007 871 1166 922; x_wconf 86' lang='lat' dir='ltr'>(fragm.</span> <span class='ocrx_word' id='word_1_77' title='bbox 1182 872 1218 911; x_wconf 89' lang='lat'>9.</span> <span class='ocrx_word' id='word_1_78' title='bbox 1234 872 1361 919; x_wconf 86' lang='lat' dir='ltr'>Mull.)</span> <span class='ocrx_word' id='word_1_79' title='bbox 1392 873 1463 912; x_wconf 84' lang='lat' dir='ltr'>scd</span> <span class='ocrx_word' id='word_1_80' title='bbox 1484 873 1601 912; x_wconf 87' lang='lat' dir='ltr'>ctiam</span> 
     </span>
     <span class='ocr_line' id='line_1_12' title="bbox 206 944 366 971; baseline 0.006 -1"><span class='ocrx_word' id='word_1_81' title='bbox 206 944 366 971; x_wconf 83' lang='lat' dir='ltr'>versus:</span> 
     </span>
     <span class='ocr_line' id='line_1_13' title="bbox 392 989 1394 1045; baseline 0.004 -17"><span class='ocrx_word' id='word_1_82' title='bbox 392 994 461 1042; x_wconf 80' lang='grc' dir='ltr'>,,γῆ</span> <span class='ocrx_word' id='word_1_83' title='bbox 489 991 547 1029; x_wconf 76' lang='grc' dir='ltr'>καὶ</span> <span class='ocrx_word' id='word_1_84' title='bbox 575 991 671 1042; x_wconf 84' lang='grc' dir='ltr'>ὕδωρ</span> <span class='ocrx_word' id='word_1_85' title='bbox 699 989 802 1030; x_wconf 75' lang='grc' dir='ltr'>πάνθ’</span> <span class='ocrx_word' id='word_1_86' title='bbox 835 991 925 1031; x_wconf 76' lang='grc' dir='ltr'>ὅσσα</span> <span class='ocrx_word' id='word_1_87' title='bbox 951 994 1102 1043; x_wconf 83' lang='grc' dir='ltr'>γίνονται</span> <span class='ocrx_word' id='word_1_88' title='bbox 1129 994 1196 1045; x_wconf 74' lang='grc' dir='ltr'>ἠδὲ</span> <span class='ocrx_word' id='word_1_89' title='bbox 1223 994 1394 1045; x_wconf 68' lang='grc' dir='ltr'>φύονταιΗ</span> 
     </span>
    </p>

    <p class='ocr_par' dir='ltr' id='par_1_3' title="bbox 204 1053 1606 1764">
     <span class='ocr_line' id='line_1_14' title="bbox 204 1053 1598 1105; baseline 0 -14"><span class='ocrx_word' id='word_1_90' title='bbox 204 1055 365 1104; x_wconf 75' lang='lat' dir='ltr'>(fragm.</span> <span class='ocrx_word' id='word_1_91' title='bbox 391 1055 437 1091; x_wconf 90' lang='lat'>10</span> <span class='ocrx_word' id='word_1_92' title='bbox 461 1053 545 1102; x_wconf 86' lang='lat' dir='ltr'>M.).</span> <span class='ocrx_word' id='word_1_93' title='bbox 617 1054 749 1102; x_wconf 80' lang='lat' dir='ltr'>Atque</span> <span class='ocrx_word' id='word_1_94' title='bbox 793 1065 910 1102; x_wconf 85' lang='lat' dir='ltr'>quum·</span> <span class='ocrx_word' id='word_1_95' title='bbox 951 1053 1097 1094; x_wconf 85' lang='lat' dir='ltr'>Sextus</span> <span class='ocrx_word' id='word_1_96' title='bbox 1139 1055 1363 1105; x_wconf 86' lang='lat' dir='ltr'>Empiricus</span> <span class='ocrx_word' id='word_1_97' title='bbox 1403 1054 1598 1104; x_wconf 85' lang='lat' dir='ltr'>Pyrrhon.</span> 
     </span>
     <span class='ocr_line' id='line_1_15' title="bbox 204 1112 1603 1167; baseline -0.001 -13"><span class='ocrx_word' id='word_1_98' title='bbox 204 1118 339 1167; x_wconf 89' lang='lat' dir='ltr'>hypot.</span> <span class='ocrx_word' id='word_1_99' title='bbox 362 1115 407 1162; x_wconf 81' lang='grc' dir='ltr'>Η,</span> <span class='ocrx_word' id='word_1_100' title='bbox 420 1115 470 1153; x_wconf 83' lang='grc'>30</span> <span class='ocrx_word' id='word_1_101' title='bbox 490 1114 615 1152; x_wconf 83' lang='lat' dir='ltr'>fusius</span> <span class='ocrx_word' id='word_1_102' title='bbox 636 1113 756 1160; x_wconf 81' lang='lat' dir='ltr'>dicat,</span> <span class='ocrx_word' id='word_1_103' title='bbox 776 1112 1068 1164; x_wconf 83' lang='lat' dir='ltr'>Xenophanem</span> <span class='ocrx_word' id='word_1_104' title='bbox 1088 1120 1234 1154; x_wconf 81' lang='lat' dir='ltr'>terram</span> <span class='ocrx_word' id='word_1_105' title='bbox 1255 1120 1295 1155; x_wconf 87' lang='lat' dir='ltr'>et</span> <span class='ocrx_word' id='word_1_106' title='bbox 1314 1129 1454 1166; x_wconf 83' lang='lat' dir='ltr'>aquam</span> <span class='ocrx_word' id='word_1_107' title='bbox 1472 1128 1603 1155; x_wconf 87' lang='lat' dir='ltr'>rerum</span> 
     </span>
     <span class='ocr_line' id='line_1_16' title="bbox 206 1174 1602 1227; baseline -0.001 -12"><span class='ocrx_word' id='word_1_108' title='bbox 206 1177 405 1227; x_wconf 82' lang='lat' dir='ltr'>principia</span> <span class='ocrx_word' id='word_1_109' title='bbox 426 1175 700 1222; x_wconf 86' lang='lat' dir='ltr'>constituisse,</span> <span class='ocrx_word' id='word_1_110' title='bbox 720 1174 876 1212; x_wconf 86' lang='lat' dir='ltr'>minime</span> <span class='ocrx_word' id='word_1_111' title='bbox 895 1176 1053 1213; x_wconf 86' lang='lat' dir='ltr'>dubium</span> <span class='ocrx_word' id='word_1_112' title='bbox 1074 1180 1147 1224; x_wconf 84' lang='lat' dir='ltr'>est,</span> <span class='ocrx_word' id='word_1_113' title='bbox 1177 1176 1268 1226; x_wconf 85' lang='lat' dir='ltr'>quin</span> <span class='ocrx_word' id='word_1_114' title='bbox 1290 1177 1491 1215; x_wconf 78' lang='lat' dir='ltr'>sententia</span> <span class='ocrx_word' id='word_1_115' title='bbox 1516 1176 1602 1214; x_wconf 82' lang='lat' dir='ltr'>illa:</span> 
     </span>
     <span class='ocr_line' id='line_1_17' title="bbox 205 1234 1604 1288; baseline 0.001 -15"><span class='ocrx_word' id='word_1_116' title='bbox 205 1239 246 1276; x_wconf 80' lang='grc' dir='ltr'>ἐκ</span> <span class='ocrx_word' id='word_1_117' title='bbox 275 1240 340 1287; x_wconf 75' lang='grc' dir='ltr'>γῆς</span> <span class='ocrx_word' id='word_1_118' title='bbox 368 1238 480 1273; x_wconf 76' lang='grc' dir='ltr'>πάντα</span> <span class='ocrx_word' id='word_1_119' title='bbox 507 1234 565 1272; x_wconf 80' lang='grc' dir='ltr'>καὶ</span> <span class='ocrx_word' id='word_1_120' title='bbox 589 1234 638 1275; x_wconf 83' lang='grc' dir='ltr'>εἰς</span> <span class='ocrx_word' id='word_1_121' title='bbox 665 1235 731 1283; x_wconf 85' lang='grc' dir='ltr'>γῆν</span> <span class='ocrx_word' id='word_1_122' title='bbox 752 1235 870 1271; x_wconf 78' lang='grc' dir='ltr'>πάντα</span> <span class='ocrx_word' id='word_1_123' title='bbox 897 1237 1048 1288; x_wconf 73' lang='grc' dir='ltr'>τελευτᾷ</span> <span class='ocrx_word' id='word_1_124' title='bbox 1076 1236 1205 1286; x_wconf 85' lang='lat' dir='ltr'>(Sext.</span> <span class='ocrx_word' id='word_1_125' title='bbox 1221 1237 1340 1275; x_wconf 83' lang='lat' dir='ltr'>math.</span> <span class='ocrx_word' id='word_1_126' title='bbox 1357 1236 1525 1286; x_wconf 78' lang='lat' dir='ltr'>X,313)‚</span> <span class='ocrx_word' id='word_1_127' title='bbox 1553 1237 1604 1275; x_wconf 81' lang='lat' dir='ltr'>de</span> 
     </span>
     <span class='ocr_line' id='line_1_18' title="bbox 207 1295 1603 1349; baseline 0.001 -14"><span class='ocrx_word' id='word_1_128' title='bbox 207 1313 284 1349; x_wconf 87' lang='lat' dir='ltr'>qua</span> <span class='ocrx_word' id='word_1_129' title='bbox 329 1311 449 1347; x_wconf 82' lang='lat' dir='ltr'>supra</span> <span class='ocrx_word' id='word_1_130' title='bbox 478 1296 665 1345; x_wconf 83' lang='lat' dir='ltr'>diximus,</span> <span class='ocrx_word' id='word_1_131' title='bbox 699 1295 790 1333; x_wconf 89' lang='lat' dir='ltr'>huic</span> <span class='ocrx_word' id='word_1_132' title='bbox 829 1297 984 1345; x_wconf 87' lang='lat' dir='ltr'>quidem</span> <span class='ocrx_word' id='word_1_133' title='bbox 1022 1297 1264 1348; x_wconf 84' lang='lat' dir='ltr'>philosopho</span> <span class='ocrx_word' id='word_1_134' title='bbox 1301 1298 1511 1347; x_wconf 77' lang='lat' dir='ltr'>supposita</span> <span class='ocrx_word' id='word_1_135' title='bbox 1540 1297 1603 1336; x_wconf 84' lang='lat' dir='ltr'>sit.</span> 
     </span>
     <span class='ocr_line' id='line_1_19' title="bbox 205 1355 1606 1409; baseline -0.003 -11"><span class='ocrx_word' id='word_1_136' title='bbox 205 1361 322 1399; x_wconf 82' lang='lat' dir='ltr'>Adde</span> <span class='ocrx_word' id='word_1_137' title='bbox 368 1359 471 1409; x_wconf 87' lang='lat' dir='ltr'>quod</span> <span class='ocrx_word' id='word_1_138' title='bbox 509 1355 774 1405; x_wconf 81' lang='lat' dir='ltr'>Aristoteles,</span> <span class='ocrx_word' id='word_1_139' title='bbox 816 1358 882 1394; x_wconf 91' lang='lat' dir='ltr'>ubi</span> <span class='ocrx_word' id='word_1_140' title='bbox 918 1358 967 1396; x_wconf 90' lang='lat' dir='ltr'>de</span> <span class='ocrx_word' id='word_1_141' title='bbox 1010 1358 1217 1408; x_wconf 83' lang='lat' dir='ltr'>principiis</span> <span class='ocrx_word' id='word_1_142' title='bbox 1259 1369 1387 1396; x_wconf 90' lang='lat' dir='ltr'>rerum</span> <span class='ocrx_word' id='word_1_143' title='bbox 1427 1357 1606 1407; x_wconf 75' lang='lat' dir='ltr'>disputat</span> 
     </span>
     <span class='ocr_line' id='line_1_20' title="bbox 206 1416 1605 1472; baseline -0.004 -12"><span class='ocrx_word' id='word_1_144' title='bbox 206 1421 396 1472; x_wconf 81' lang='lat' dir='ltr'>(metaph.</span> <span class='ocrx_word' id='word_1_145' title='bbox 428 1420 458 1469; x_wconf 82' lang='grc' dir='ltr'>Ι,</span> <span class='ocrx_word' id='word_1_146' title='bbox 483 1419 517 1456; x_wconf 80' lang='lat'>8.</span> <span class='ocrx_word' id='word_1_147' title='bbox 532 1417 620 1466; x_wconf 84' lang='lat'><strong>989,</strong></span> <span class='ocrx_word' id='word_1_148' title='bbox 651 1429 685 1454; x_wconf 85' lang='lat' dir='ltr'>a.</span> <span class='ocrx_word' id='word_1_149' title='bbox 700 1416 758 1467; x_wconf 85' lang='lat'>5.)</span> <span class='ocrx_word' id='word_1_150' title='bbox 788 1430 889 1466; x_wconf 86' lang='lat' dir='ltr'>quae</span> <span class='ocrx_word' id='word_1_151' title='bbox 919 1432 942 1456; x_wconf 88' lang='lat' dir='ltr'>a</span> <span class='ocrx_word' id='word_1_152' title='bbox 969 1419 1171 1468; x_wconf 76' lang='lat' dir='ltr'>prioribus</span> <span class='ocrx_word' id='word_1_153' title='bbox 1199 1418 1450 1469; x_wconf 85' lang='lat' dir='ltr'>philosophis</span> <span class='ocrx_word' id='word_1_154' title='bbox 1470 1419 1605 1467; x_wconf 86' lang='lat' dir='ltr'>posita</span> 
     </span>
     <span class='ocr_line' id='line_1_21' title="bbox 209 1477 1603 1530; baseline -0.004 -10"><span class='ocrx_word' id='word_1_155' title='bbox 209 1483 300 1530; x_wconf 78' lang='lat' dir='ltr'>sint,</span> <span class='ocrx_word' id='word_1_156' title='bbox 332 1494 409 1519; x_wconf 89' lang='lat' dir='ltr'>non</span> <span class='ocrx_word' id='word_1_157' title='bbox 440 1480 569 1518; x_wconf 75' lang='lat' dir='ltr'>‘solum</span> <span class='ocrx_word' id='word_1_158' title='bbox 596 1479 881 1528; x_wconf 79' lang='lat' dir='ltr'>praetermittit</span> <span class='ocrx_word' id='word_1_159' title='bbox 909 1479 1214 1529; x_wconf 87' lang='lat' dir='ltr'>Xenophanem,</span> <span class='ocrx_word' id='word_1_160' title='bbox 1244 1480 1313 1517; x_wconf 89' lang='lat' dir='ltr'>sed</span> <span class='ocrx_word' id='word_1_161' title='bbox 1345 1478 1453 1526; x_wconf 85' lang='lat' dir='ltr'>dicit,</span> <span class='ocrx_word' id='word_1_162' title='bbox 1486 1477 1603 1516; x_wconf 87' lang='lat' dir='ltr'>nemi-</span> 
     </span>
     <span class='ocr_line' id='line_1_22' title="bbox 207 1539 1603 1591; baseline -0.004 -9"><span class='ocrx_word' id='word_1_163' title='bbox 207 1556 297 1582; x_wconf 82' lang='lat' dir='ltr'>nem</span> <span class='ocrx_word' id='word_1_164' title='bbox 326 1554 483 1590; x_wconf 79' lang='lat' dir='ltr'>eoi-um,</span> <span class='ocrx_word' id='word_1_165' title='bbox 521 1539 587 1589; x_wconf 87' lang='lat' dir='ltr'>qui</span> <span class='ocrx_word' id='word_1_166' title='bbox 614 1551 729 1577; x_wconf 90' lang='lat' dir='ltr'>unum</span> <span class='ocrx_word' id='word_1_167' title='bbox 760 1544 909 1578; x_wconf 83' lang='lat' dir='ltr'>tantum</span> <span class='ocrx_word' id='word_1_168' title='bbox 938 1541 1179 1591; x_wconf 84' lang='lat' dir='ltr'>principium</span> <span class='ocrx_word' id='word_1_169' title='bbox 1205 1539 1483 1590; x_wconf 84' lang='lat' dir='ltr'>probaverint,</span> <span class='ocrx_word' id='word_1_170' title='bbox 1527 1545 1603 1576; x_wconf 83' lang='lat' dir='ltr'>ter-</span> 
     </span>
     <span class='ocr_line' id='line_1_23' title="bbox 206 1599 1605 1649; baseline -0.004 -8"><span class='ocrx_word' id='word_1_171' title='bbox 206 1616 290 1641; x_wconf 85' lang='lat' dir='ltr'>ram</span> <span class='ocrx_word' id='word_1_172' title='bbox 320 1602 491 1640; x_wconf 84' lang='lat' dir='ltr'>omnium</span> <span class='ocrx_word' id='word_1_173' title='bbox 519 1612 651 1638; x_wconf 89' lang='lat' dir='ltr'>rerum</span> <span class='ocrx_word' id='word_1_174' title='bbox 669 1600 822 1638; x_wconf 87' lang='lat' dir='ltr'>initium</span> <span class='ocrx_word' id='word_1_175' title='bbox 845 1605 1024 1649; x_wconf 80' lang='lat' dir='ltr'>putasse.</span> <span class='ocrx_word' id='word_1_176' title='bbox 1078 1600 1343 1638; x_wconf 65' lang='lat' dir='ltr'>Nihilominus</span> <span class='ocrx_word' id='word_1_177' title='bbox 1365 1599 1605 1637; x_wconf 86' lang='lat' dir='ltr'>sententiam</span> 
     </span>
     <span class='ocr_line' id='line_1_24' title="bbox 206 1658 1602 1711; baseline -0.004 -9"><span class='ocrx_word' id='word_1_178' title='bbox 206 1665 314 1703; x_wconf 86' lang='lat' dir='ltr'>illam</span> <span class='ocrx_word' id='word_1_179' title='bbox 341 1663 439 1700; x_wconf 86' lang='lat' dir='ltr'>licet</span> <span class='ocrx_word' id='word_1_180' title='bbox 466 1659 690 1710; x_wconf 84' lang='lat' dir='ltr'>Pherecydi</span> <span class='ocrx_word' id='word_1_181' title='bbox 721 1659 837 1710; x_wconf 81' lang='lat' dir='ltr'>Syrio</span> <span class='ocrx_word' id='word_1_182' title='bbox 865 1661 1106 1711; x_wconf 83' lang='lat' dir='ltr'>attribuere,</span> <span class='ocrx_word' id='word_1_183' title='bbox 1147 1661 1197 1700; x_wconf 89' lang='lat' dir='ltr'>de</span> <span class='ocrx_word' id='word_1_184' title='bbox 1226 1672 1302 1710; x_wconf 89' lang='lat' dir='ltr'>quo</span> <span class='ocrx_word' id='word_1_185' title='bbox 1332 1671 1453 1709; x_wconf 82' lang='lat' dir='ltr'>supra</span> <span class='ocrx_word' id='word_1_186' title='bbox 1480 1658 1602 1698; x_wconf 85' lang='lat' dir='ltr'>locuti</span> 
     </span>
     <span class='ocr_line' id='line_1_25' title="bbox 208 1722 1317 1764; baseline -0.002 -1"><span class='ocrx_word' id='word_1_187' title='bbox 208 1737 352 1764; x_wconf 87' lang='lat' dir='ltr'>snmus.</span> <span class='ocrx_word' id='word_1_188' title='bbox 386 1744 430 1749; x_wconf 58' lang='lat'>»-</span> <span class='ocrx_word' id='word_1_189' title='bbox 463 1722 577 1760; x_wconf 91' lang='lat' dir='ltr'>Nunc</span> <span class='ocrx_word' id='word_1_190' title='bbox 605 1734 702 1760; x_wconf 80' lang='lat' dir='ltr'>vcro</span> <span class='ocrx_word' id='word_1_191' title='bbox 733 1722 783 1760; x_wconf 85' lang='lat' dir='ltr'>ad</span> <span class='ocrx_word' id='word_1_192' title='bbox 809 1722 1032 1760; x_wconf 86' lang='lat' dir='ltr'>Lucretium</span> <span class='ocrx_word' id='word_1_193' title='bbox 1059 1726 1317 1761; x_wconf 80' lang='lat' dir='ltr'>revertamur.</span> 
     </span>
    </p>

    <p class='ocr_par' dir='ltr' id='par_1_4' title="bbox 207 1782 1611 2502">
     <span class='ocr_line' id='line_1_26' title="bbox 311 1782 1605 1834; baseline -0.002 -12"><span class='ocrx_word' id='word_1_194' title='bbox 311 1786 351 1823; x_wconf 93' lang='lat' dir='ltr'>Is</span> <span class='ocrx_word' id='word_1_195' title='bbox 383 1797 499 1834; x_wconf 85' lang='lat' dir='ltr'>quum</span> <span class='ocrx_word' id='word_1_196' title='bbox 528 1783 678 1833; x_wconf 81' lang='lat' dir='ltr'>duplex</span> <span class='ocrx_word' id='word_1_197' title='bbox 707 1795 866 1832; x_wconf 86' lang='lat' dir='ltr'>quoque</span> <span class='ocrx_word' id='word_1_198' title='bbox 893 1794 1024 1820; x_wconf 86' lang='lat' dir='ltr'>rerum</span> <span class='ocrx_word' id='word_1_199' title='bbox 1046 1783 1199 1820; x_wconf 85' lang='lat' dir='ltr'>initium·</span> <span class='ocrx_word' id='word_1_200' title='bbox 1218 1782 1436 1832; x_wconf 82' lang='lat' dir='ltr'>repudians</span> <span class='ocrx_word' id='word_1_201' title='bbox 1452 1785 1605 1820; x_wconf 84' lang='lat' dir='ltr'>tantum</span> 
     </span>
     <span class='ocr_line' id='line_1_27' title="bbox 208 1843 1605 1895; baseline -0.005 -8"><span class='ocrx_word' id='word_1_202' title='bbox 208 1850 308 1887; x_wconf 82' lang='lat' dir='ltr'>duas</span> <span class='ocrx_word' id='word_1_203' title='bbox 330 1847 379 1884; x_wconf 83' lang='lat' dir='ltr'>ab</span> <span class='ocrx_word' id='word_1_204' title='bbox 410 1844 500 1883; x_wconf 85' lang='lat' dir='ltr'>aliis</span> <span class='ocrx_word' id='word_1_205' title='bbox 531 1843 783 1895; x_wconf 86' lang='lat' dir='ltr'>philosophis</span> <span class='ocrx_word' id='word_1_206' title='bbox 801 1846 962 1892; x_wconf 83' lang='lat' dir='ltr'>repetat</span> <span class='ocrx_word' id='word_1_207' title='bbox 990 1844 1227 1891; x_wconf 81' lang='lat' dir='ltr'>sententias,</span> <span class='ocrx_word' id='word_1_208' title='bbox 1257 1847 1299 1881; x_wconf 87' lang='lat' dir='ltr'>et</span> <span class='ocrx_word' id='word_1_209' title='bbox 1326 1855 1398 1881; x_wconf 80' lang='lat' dir='ltr'>eos</span> <span class='ocrx_word' id='word_1_210' title='bbox 1428 1847 1605 1892; x_wconf 76' lang='lat' dir='ltr'>praetcr-</span> 
     </span>
     <span class='ocr_line' id='line_1_28' title="bbox 208 1904 1606 1956; baseline -0.006 -9"><span class='ocrx_word' id='word_1_211' title='bbox 208 1910 344 1955; x_wconf 82' lang='lat' dir='ltr'>mittit,</span> <span class='ocrx_word' id='word_1_212' title='bbox 374 1907 438 1956; x_wconf 86' lang='lat' dir='ltr'>qui</span> <span class='ocrx_word' id='word_1_213' title='bbox 466 1906 597 1956; x_wconf 79' lang='lat' dir='ltr'>ignem</span> <span class='ocrx_word' id='word_1_214' title='bbox 625 1909 759 1944; x_wconf 85' lang='lat' dir='ltr'>terrae</span> <span class='ocrx_word' id='word_1_215' title='bbox 789 1908 830 1942; x_wconf 91' lang='lat' dir='ltr'>et</span> <span class='ocrx_word' id='word_1_216' title='bbox 859 1916 931 1942; x_wconf 80' lang='lat' dir='ltr'>eos</span> <span class='ocrx_word' id='word_1_217' title='bbox 964 1904 1029 1953; x_wconf 91' lang='lat' dir='ltr'>qui</span> <span class='ocrx_word' id='word_1_218' title='bbox 1058 1904 1189 1954; x_wconf 87' lang='lat' dir='ltr'>ignem</span> <span class='ocrx_word' id='word_1_219' title='bbox 1224 1914 1353 1953; x_wconf 86' lang='lat' dir='ltr'>aquae</span> <span class='ocrx_word' id='word_1_220' title='bbox 1373 1904 1606 1952; x_wconf 69' lang='lat' dir='ltr'>junxerunt.</span> 
     </span>
     <span class='ocr_line' id='line_1_29' title="bbox 208 1963 1606 2018; baseline -0.004 -11"><span class='ocrx_word' id='word_1_221' title='bbox 208 1971 348 2018; x_wconf 79' lang='lat' dir='ltr'>Ignem</span> <span class='ocrx_word' id='word_1_222' title='bbox 376 1980 474 2005; x_wconf 85' lang='lat' dir='ltr'>vero</span> <span class='ocrx_word' id='word_1_223' title='bbox 504 1971 544 2004; x_wconf 88' lang='lat' dir='ltr'>et</span> <span class='ocrx_word' id='word_1_224' title='bbox 570 1970 719 2004; x_wconf 84' lang='lat' dir='ltr'>terram</span> <span class='ocrx_word' id='word_1_225' title='bbox 746 1964 1008 2003; x_wconf 75' lang='lat' dir='ltr'>Parmenides</span> <span class='ocrx_word' id='word_1_226' title='bbox 1038 1977 1167 2003; x_wconf 81' lang='lat' dir='ltr'>rerum</span> <span class='ocrx_word' id='word_1_227' title='bbox 1199 1963 1394 2014; x_wconf 81' lang='lat' dir='ltr'>principia</span> <span class='ocrx_word' id='word_1_228' title='bbox 1423 1975 1512 2002; x_wconf 85' lang='lat' dir='ltr'>esse</span> <span class='ocrx_word' id='word_1_229' title='bbox 1541 1975 1606 2001; x_wconf 93' lang='lat' dir='ltr'>vo-</span> 
     </span>
     <span class='ocr_line' id='line_1_30' title="bbox 207 2023 1603 2076; baseline -0.004 -8"><span class='ocrx_word' id='word_1_230' title='bbox 207 2031 291 2069; x_wconf 84' lang='lat' dir='ltr'>luit.</span> <span class='ocrx_word' id='word_1_231' title='bbox 346 2029 447 2067; x_wconf 84' lang='lat' dir='ltr'>Nam</span> <span class='ocrx_word' id='word_1_232' title='bbox 476 2027 574 2065; x_wconf 83' lang='lat' dir='ltr'>dicit</span> <span class='ocrx_word' id='word_1_233' title='bbox 600 2027 845 2065; x_wconf 75' lang='lat' dir='ltr'>Aristoteles</span> <span class='ocrx_word' id='word_1_234' title='bbox 873 2026 1004 2076; x_wconf 83' lang='lat' dir='ltr'>(phys.</span> <span class='ocrx_word' id='word_1_235' title='bbox 1034 2024 1105 2074; x_wconf 80' lang='lat'>1,5</span> <span class='ocrx_word' id='word_1_236' title='bbox 1131 2023 1253 2075; x_wconf 80' lang='lat' dir='ltr'>init.):</span> <span class='ocrx_word' id='word_1_237' title='bbox 1282 2023 1339 2061; x_wconf 83' lang='grc' dir='ltr'>καὶ</span> <span class='ocrx_word' id='word_1_238' title='bbox 1365 2023 1432 2075; x_wconf 83' lang='grc' dir='ltr'>γὰρ</span> <span class='ocrx_word' id='word_1_239' title='bbox 1463 2023 1603 2076; x_wconf 81' lang='grc' dir='ltr'>Παρμε-</span> 
     </span>
     <span class='ocr_line' id='line_1_31' title="bbox 207 2085 1608 2142; baseline -0.004 -15"><span class='ocrx_word' id='word_1_240' title='bbox 207 2092 304 2142; x_wconf 79' lang='grc' dir='ltr'>νίδης</span> <span class='ocrx_word' id='word_1_241' title='bbox 332 2089 468 2141; x_wconf 76' lang='grc' dir='ltr'>θερμὸν</span> <span class='ocrx_word' id='word_1_242' title='bbox 504 2088 561 2125; x_wconf 85' lang='grc' dir='ltr'>καὶ</span> <span class='ocrx_word' id='word_1_243' title='bbox 597 2087 735 2139; x_wconf 75' lang='grc' dir='ltr'>ψυχρὸν</span> <span class='ocrx_word' id='word_1_244' title='bbox 764 2086 878 2139; x_wconf 70' lang='grc' dir='ltr'>ἀρχᾶς</span> <span class='ocrx_word' id='word_1_245' title='bbox 904 2088 1016 2137; x_wconf 76' lang='grc' dir='ltr'>ποιεῖ,</span> <span class='ocrx_word' id='word_1_246' title='bbox 1053 2086 1165 2124; x_wconf 71' lang='grc' dir='ltr'>ταῦτα</span> <span class='ocrx_word' id='word_1_247' title='bbox 1193 2085 1234 2123; x_wconf 75' lang='grc' dir='ltr'>δὲ</span> <span class='ocrx_word' id='word_1_248' title='bbox 1259 2085 1513 2136; x_wconf 81' lang='grc' dir='ltr'>προςαγορεόει</span> <span class='ocrx_word' id='word_1_249' title='bbox 1539 2086 1608 2136; x_wconf 79' lang='grc' dir='ltr'>πῦρ</span> 
     </span>
     <span class='ocr_line' id='line_1_32' title="bbox 208 2144 1607 2201; baseline -0.004 -12"><span class='ocrx_word' id='word_1_250' title='bbox 208 2153 265 2190; x_wconf 80' lang='grc' dir='ltr'>καὶ</span> <span class='ocrx_word' id='word_1_251' title='bbox 291 2154 356 2201; x_wconf 82' lang='grc' dir='ltr'>γῆν</span> <span class='ocrx_word' id='word_1_252' title='bbox 386 2155 445 2189; x_wconf 89' lang='lat' dir='ltr'>et:</span> <span class='ocrx_word' id='word_1_253' title='bbox 481 2149 546 2187; x_wconf 84' lang='grc' dir='ltr'>δύο</span> <span class='ocrx_word' id='word_1_254' title='bbox 574 2148 637 2189; x_wconf 84' lang='grc' dir='ltr'>τὰς</span> <span class='ocrx_word' id='word_1_255' title='bbox 665 2148 777 2189; x_wconf 76' lang='grc' dir='ltr'>αἰτίας</span> <span class='ocrx_word' id='word_1_256' title='bbox 798 2147 855 2186; x_wconf 78' lang='grc' dir='ltr'>καὶ</span> <span class='ocrx_word' id='word_1_257' title='bbox 873 2147 937 2185; x_wconf 70' lang='grc' dir='ltr'>δῦο</span> <span class='ocrx_word' id='word_1_258' title='bbox 957 2146 1021 2188; x_wconf 73' lang='grc' dir='ltr'>τὰς</span> <span class='ocrx_word' id='word_1_259' title='bbox 1039 2145 1155 2198; x_wconf 83' lang='grc' dir='ltr'>ἀρχὰς</span> <span class='ocrx_word' id='word_1_260' title='bbox 1175 2146 1279 2183; x_wconf 83' lang='grc' dir='ltr'>πάλιν</span> <span class='ocrx_word' id='word_1_261' title='bbox 1298 2145 1416 2196; x_wconf 81' lang='grc' dir='ltr'>τίθησι</span> <span class='ocrx_word' id='word_1_262' title='bbox 1443 2144 1607 2196; x_wconf 81' lang='grc' dir='ltr'>(Παρμ.),</span> 
     </span>
     <span class='ocr_line' id='line_1_33' title="bbox 210 2205 1608 2263; baseline -0.004 -14"><span class='ocrx_word' id='word_1_263' title='bbox 210 2212 343 2263; x_wconf 68' lang='grc' dir='ltr'>θερμὸν</span> <span class='ocrx_word' id='word_1_264' title='bbox 371 2210 427 2247; x_wconf 71' lang='grc' dir='ltr'>καὶ</span> <span class='ocrx_word' id='word_1_265' title='bbox 455 2209 610 2262; x_wconf 76' lang='grc' dir='ltr'>ψυχρὸν,</span> <span class='ocrx_word' id='word_1_266' title='bbox 650 2209 721 2247; x_wconf 75' lang='grc' dir='ltr'>οἷον</span> <span class='ocrx_word' id='word_1_267' title='bbox 749 2210 819 2262; x_wconf 83' lang='grc' dir='ltr'>πῦρ</span> <span class='ocrx_word' id='word_1_268' title='bbox 847 2207 905 2246; x_wconf 79' lang='grc' dir='ltr'>καὶ</span> <span class='ocrx_word' id='word_1_269' title='bbox 931 2210 997 2259; x_wconf 83' lang='grc' dir='ltr'>γῆν</span> <span class='ocrx_word' id='word_1_270' title='bbox 1026 2206 1155 2257; x_wconf 85' lang='grc' dir='ltr'>λέγων.</span> <span class='ocrx_word' id='word_1_271' title='bbox 1191 2205 1383 2258; x_wconf 85' lang='lat' dir='ltr'>(metaph.</span> <span class='ocrx_word' id='word_1_272' title='bbox 1413 2206 1444 2255; x_wconf 88' lang='grc' dir='ltr'>Ι,</span> <span class='ocrx_word' id='word_1_273' title='bbox 1464 2205 1500 2254; x_wconf 79' lang='grc'>5,</span> <span class='ocrx_word' id='word_1_274' title='bbox 1520 2206 1608 2245; x_wconf 88' lang='grc'><strong>986.</strong></span> 
     </span>
     <span class='ocr_line' id='line_1_34' title="bbox 209 2265 1608 2321; baseline -0.007 -10"><span class='ocrx_word' id='word_1_275' title='bbox 209 2270 421 2321; x_wconf 70' lang='lat' dir='ltr'><strong>b,31)³²);</strong></span> <span class='ocrx_word' id='word_1_276' title='bbox 452 2271 677 2320; x_wconf 85' lang='lat' dir='ltr'>Simplicius</span> <span class='ocrx_word' id='word_1_277' title='bbox 708 2268 779 2319; x_wconf 77' lang='lat' dir='ltr'>(ad</span> <span class='ocrx_word' id='word_1_278' title='bbox 791 2269 915 2308; x_wconf 80' lang='lat' dir='ltr'>Arist.</span> <span class='ocrx_word' id='word_1_279' title='bbox 937 2269 1050 2319; x_wconf 79' lang='lat' dir='ltr'>phys,</span> <span class='ocrx_word' id='word_1_280' title='bbox 1066 2266 1216 2318; x_wconf 84' lang='lat'>7‚6‚0):</span> <span class='ocrx_word' id='word_1_281' title='bbox 1244 2269 1315 2304; x_wconf 84' lang='grc' dir='ltr'>τῶν</span> <span class='ocrx_word' id='word_1_282' title='bbox 1342 2265 1405 2315; x_wconf 81' lang='grc' dir='ltr'>μὲν</span> <span class='ocrx_word' id='word_1_283' title='bbox 1432 2267 1608 2315; x_wconf 81' lang='grc' dir='ltr'>γεννητῶν</span> 
     </span>
     <span class='ocr_line' id='line_1_35' title="bbox 212 2323 1611 2383; baseline -0.006 -14"><span class='ocrx_word' id='word_1_284' title='bbox 212 2332 327 2383; x_wconf 82' lang='grc' dir='ltr'>ἀρχὰς</span> <span class='ocrx_word' id='word_1_285' title='bbox 355 2332 412 2368; x_wconf 83' lang='grc' dir='ltr'>καὶ</span> <span class='ocrx_word' id='word_1_286' title='bbox 440 2330 549 2371; x_wconf 77' lang='grc' dir='ltr'>αὐτὸς</span> <span class='ocrx_word' id='word_1_287' title='bbox 585 2329 825 2381; x_wconf 81' lang='grc' dir='ltr'>στοιχειώδεις</span> <span class='ocrx_word' id='word_1_288' title='bbox 853 2329 917 2379; x_wconf 74' lang='grc' dir='ltr'>μὲν</span> <span class='ocrx_word' id='word_1_289' title='bbox 944 2329 1010 2380; x_wconf 83' lang='grc' dir='ltr'>τὴν</span> <span class='ocrx_word' id='word_1_290' title='bbox 1037 2328 1183 2379; x_wconf 78' lang='grc' dir='ltr'>πρώτην</span> <span class='ocrx_word' id='word_1_291' title='bbox 1211 2325 1387 2365; x_wconf 68' lang='grc' dir='ltr'>ἀντίθεσιν</span> <span class='ocrx_word' id='word_1_292' title='bbox 1414 2323 1540 2374; x_wconf 63' lang='grc' dir='ltr'>ἔθετο,</span> <span class='ocrx_word' id='word_1_293' title='bbox 1567 2324 1611 2376; x_wconf 85' lang='grc' dir='ltr'>ἣν</span> 
     </span>
     <span class='ocr_line' id='line_1_36' title="bbox 210 2384 1609 2444; baseline -0.005 -13"><span class='ocrx_word' id='word_1_294' title='bbox 210 2397 288 2444; x_wconf 84' lang='grc' dir='ltr'>φῶς</span> <span class='ocrx_word' id='word_1_295' title='bbox 316 2394 421 2430; x_wconf 79' lang='grc' dir='ltr'>καλεῖ</span> <span class='ocrx_word' id='word_1_296' title='bbox 444 2392 503 2429; x_wconf 83' lang='grc' dir='ltr'>καὶ</span> <span class='ocrx_word' id='word_1_297' title='bbox 528 2390 665 2439; x_wconf 82' lang='grc' dir='ltr'>σκότος,</span> <span class='ocrx_word' id='word_1_298' title='bbox 696 2393 765 2439; x_wconf 84' lang='grc' dir='ltr'>πῦρ</span> <span class='ocrx_word' id='word_1_299' title='bbox 792 2390 850 2427; x_wconf 84' lang='grc' dir='ltr'>καὶ</span> <span class='ocrx_word' id='word_1_300' title='bbox 868 2393 946 2439; x_wconf 82' lang='grc' dir='ltr'>γῆν,</span> <span class='ocrx_word' id='word_1_301' title='bbox 974 2389 1146 2439; x_wconf 82' lang='grc' dir='ltr'>ἢπυκνὸν</span> <span class='ocrx_word' id='word_1_302' title='bbox 1164 2388 1223 2425; x_wconf 86' lang='grc' dir='ltr'>καὶ</span> <span class='ocrx_word' id='word_1_303' title='bbox 1240 2385 1372 2437; x_wconf 82' lang='grc' dir='ltr'>ἀραιόν,</span> <span class='ocrx_word' id='word_1_304' title='bbox 1402 2390 1461 2425; x_wconf 84' lang='lat' dir='ltr'>et:</span> <span class='ocrx_word' id='word_1_305' title='bbox 1493 2384 1609 2436; x_wconf 82' lang='grc' dir='ltr'>Παρμ.</span> 
     </span>
     <span class='ocr_line' id='line_1_37' title="bbox 212 2444 1611 2502; baseline -0.006 -12"><span class='ocrx_word' id='word_1_306' title='bbox 212 2454 248 2490; x_wconf 87' lang='grc' dir='ltr'>ἐν</span> <span class='ocrx_word' id='word_1_307' title='bbox 279 2456 351 2494; x_wconf 84' lang='grc' dir='ltr'>τοῖς</span> <span class='ocrx_word' id='word_1_308' title='bbox 380 2453 468 2502; x_wconf 83' lang='grc' dir='ltr'>πρὸς</span> <span class='ocrx_word' id='word_1_309' title='bbox 496 2451 602 2493; x_wconf 73' lang='grc' dir='ltr'>δόξαν</span> <span class='ocrx_word' id='word_1_310' title='bbox 630 2452 699 2501; x_wconf 83' lang='grc' dir='ltr'>μόρ</span> <span class='ocrx_word' id='word_1_311' title='bbox 726 2450 785 2488; x_wconf 81' lang='grc' dir='ltr'>καὶ</span> <span class='ocrx_word' id='word_1_312' title='bbox 810 2454 888 2500; x_wconf 70' lang='grc' dir='ltr'>γῆν,</span> <span class='ocrx_word' id='word_1_313' title='bbox 918 2451 1055 2501; x_wconf 85' lang='grc' dir='ltr'>μᾶλλον</span> <span class='ocrx_word' id='word_1_314' title='bbox 1084 2449 1125 2487; x_wconf 85' lang='grc' dir='ltr'>δὲ</span> <span class='ocrx_word' id='word_1_315' title='bbox 1150 2448 1230 2500; x_wconf 79' lang='grc' dir='ltr'>φῶς</span> <span class='ocrx_word' id='word_1_316' title='bbox 1249 2447 1307 2485; x_wconf 75' lang='grc' dir='ltr'>καὶ</span> <span class='ocrx_word' id='word_1_317' title='bbox 1324 2445 1454 2487; x_wconf 80' lang='grc' dir='ltr'>σκότος</span> <span class='ocrx_word' id='word_1_318' title='bbox 1479 2444 1611 2497; x_wconf 73' lang='grc' dir='ltr'>(ἀρχὰς</span> 
     </span>
    </p>
   </div>
   <div class='ocr_carea' id='block_1_3' title="bbox 210 2555 1611 2755">
    <p class='ocr_par' dir='ltr' id='par_1_5' title="bbox 211 2555 1611 2656">
     <span class='ocr_line' id='line_1_38' title="bbox 297 2555 1611 2604; baseline -0.007 -8"><span class='ocrx_word' id='word_1_319' title='bbox 297 2565 338 2604; x_wconf 87' lang='lat'>³¹)</span> <span class='ocrx_word' id='word_1_320' title='bbox 366 2564 420 2595; x_wconf 91' lang='lat' dir='ltr'>Ad</span> <span class='ocrx_word' id='word_1_321' title='bbox 444 2564 533 2595; x_wconf 84' lang='lat' dir='ltr'>hunc</span> <span class='ocrx_word' id='word_1_322' title='bbox 558 2562 694 2604; x_wconf 86' lang='lat' dir='ltr'>quidem</span> <span class='ocrx_word' id='word_1_323' title='bbox 712 2561 900 2593; x_wconf 86' lang='lat' dir='ltr'>Greechius</span> <span class='ocrx_word' id='word_1_324' title='bbox 916 2561 1008 2593; x_wconf 72' lang='lat' dir='ltr'>illam</span> <span class='ocrx_word' id='word_1_325' title='bbox 1026 2559 1232 2591; x_wconf 78' lang='lat' dir='ltr'>sententiam</span> <span class='ocrx_word' id='word_1_326' title='bbox 1249 2558 1378 2590; x_wconf 80' lang='lat' dir='ltr'>referre</span> <span class='ocrx_word' id='word_1_327' title='bbox 1402 2555 1524 2594; x_wconf 85' lang='lat' dir='ltr'>voluit;</span> <span class='ocrx_word' id='word_1_328' title='bbox 1549 2557 1611 2588; x_wconf 84' lang='lat' dir='ltr'>sed</span> 
     </span>
     <span class='ocr_line' id='line_1_39' title="bbox 211 2612 730 2656; baseline -0.008 -9"><span class='ocrx_word' id='word_1_329' title='bbox 211 2618 339 2647; x_wconf 78' lang='lat' dir='ltr'>testem</span> <span class='ocrx_word' id='word_1_330' title='bbox 363 2615 531 2646; x_wconf 76' lang='lat' dir='ltr'>neminem</span> <span class='ocrx_word' id='word_1_331' title='bbox 554 2612 730 2656; x_wconf 80' lang='lat' dir='ltr'>produxit.</span> 
     </span>
    </p>

    <p class='ocr_par' dir='ltr' id='par_1_6' title="bbox 210 2658 1611 2755">
     <span class='ocr_line' id='line_1_40' title="bbox 295 2658 1611 2706; baseline -0.006 -9"><span class='ocrx_word' id='word_1_332' title='bbox 295 2666 337 2706; x_wconf 76' lang='grc'>32)</span> <span class='ocrx_word' id='word_1_333' title='bbox 359 2666 404 2697; x_wconf 86' lang='lat' dir='ltr'>cf.</span> <span class='ocrx_word' id='word_1_334' title='bbox 428 2665 533 2697; x_wconf 79' lang='lat' dir='ltr'>etlam</span> <span class='ocrx_word' id='word_1_335' title='bbox 556 2663 707 2705; x_wconf 80' lang='lat' dir='ltr'>metaph.</span> <span class='ocrx_word' id='word_1_336' title='bbox 729 2659 896 2703; x_wconf 71' lang='lat' dir='ltr'>1,3,9&#39;s4;</span> <span class='ocrx_word' id='word_1_337' title='bbox 920 2662 984 2701; x_wconf 80' lang='lat' dir='ltr'>IV,</span> <span class='ocrx_word' id='word_1_338' title='bbox 1001 2662 1031 2701; x_wconf 82' lang='lat'>2,</span> <span class='ocrx_word' id='word_1_339' title='bbox 1051 2661 1139 2693; x_wconf 74' lang='lat'>1004,</span> <span class='ocrx_word' id='word_1_340' title='bbox 1156 2680 1193 2685; x_wconf 91' lang='lat'>—</span> <span class='ocrx_word' id='word_1_341' title='bbox 1209 2661 1251 2692; x_wconf 90' lang='lat' dir='ltr'>de</span> <span class='ocrx_word' id='word_1_342' title='bbox 1275 2669 1351 2702; x_wconf 81' lang='lat' dir='ltr'>gen.</span> <span class='ocrx_word' id='word_1_343' title='bbox 1374 2662 1411 2692; x_wconf 78' lang='lat' dir='ltr'>et</span> <span class='ocrx_word' id='word_1_344' title='bbox 1432 2668 1520 2691; x_wconf 85' lang='lat' dir='ltr'>corr.</span> <span class='ocrx_word' id='word_1_345' title='bbox 1543 2658 1569 2696; x_wconf 88' lang='grc' dir='ltr'>Ι,</span> <span class='ocrx_word' id='word_1_346' title='bbox 1581 2658 1611 2699; x_wconf 82' lang='lat'>3,</span> 
     </span>
     <span class='ocr_line' id='line_1_41' title="bbox 210 2717 460 2755; baseline -0.008 -5"><span class='ocrx_word' id='word_1_347' title='bbox 210 2717 281 2750; x_wconf 80' lang='lat'>³18.</span> <span class='ocrx_word' id='word_1_348' title='bbox 305 2717 370 2755; x_wconf 73' lang='lat' dir='ltr'>b‚o</span> <span class='ocrx_word' id='word_1_349' title='bbox 393 2718 460 2749; x_wconf 87' lang='lat' dir='ltr'>etc.</span> 
     </span>
    </p>
   </div>
  </div>
 </body>
</html>
