1804 2936
950 170 975 213 8

259 292 321 334 lus
349 293 388 349 in
417 293 607 334 materiae
636 295 885 346 corpusculis
914 295 1020 335 inest
1048 296 1185 336 color
1212 297 1320 345 (Lcr.
1334 297 1386 344 ΙΙ,
1401 300 1504 352 737),
1533 301 1649 342 immo

365 386 373 394 .
396 385 405 394 .
425 385 434 393 .
465 361 613 406 quanto
642 358 682 394 in
710 362 847 406 partes
875 369 942 395 res
968 370 1151 407 quaeque
1178 360 1347 398 minutas

361 416 596 456 distrahitur
622 417 762 467 magis,
790 417 866 455 hoc
894 419 1023 468 magis
1052 424 1116 458 est
1143 423 1186 458 ut
1213 433 1378 460 eernere
1405 423 1540 474 possis

363 491 610 518 evanescere
635 479 826 529 paulatim
855 480 1082 531 stinguique
1111 482 1313 520 colorem⁰
1368 482 1539 533 (II,826)

258 541 471 591 magnique
500 540 639 589 refert,
669 540 846 589 „semina
874 553 1055 592 quaeque

444 613 530 639 cum
558 602 700 651 quibus
729 606 771 639 et
799 603 905 651 quali
933 603 1114 652 positura
1146 604 1451 643 contineantur“

259 663 328 711 (II,
345 662 421 701 760
446 677 496 694 =
523 662 563 699 in
593 662 698 712 quali
729 662 810 701 sint
838 663 977 702 ordine
1007 676 1186 714 quaeque
1214 664 1350 703 locata
1377 666 1463 715 884,
1481 667 1556 707 896
1578 669 1649 718 ct.)

255 725 350 774 Ipse
388 724 547 773 quidem
575 723 772 772 Epicurus
807 725 858 761 ad
888 725 1207 774 Theophrastum
1235 726 1381 764 dicitur
1408 729 1648 777 scripsisse:

259 784 325 821 οὐκ
352 782 438 821 εἶναι
465 783 510 821 τὰ
535 784 713 834 χρώματα
741 787 921 836 συμφυῆ
946 788 1018 827 τοῖς
1039 786 1207 836 σώμασιν,
1239 786 1336 825 ἀλλὰ
1354 788 1541 836 γεννᾶσθαι
1560 788 1651 827 κατὰ

259 845 363 885 ποιάς
398 858 491 885 τινας
526 844 671 886 τάξεις
703 845 776 881 καὶ
808 846 959 887 θέσεις
993 846 1082 897 πρὸς
1108 849 1171 897 τὴν
1200 845 1302 897 ὅψιν“
1329 848 1449 893 (Plut.
1480 850 1566 889 Col.
1594 851 1650 896 5.)

261 905 361 950 Quin
392 905 509 942 etiam
539 906 747 953 censebat,
791 907 942 944 semina
965 919 1093 945 rerum
1124 908 1260 945 colore
1289 913 1453 947 careant
1478 922 1649 950 necesse

262 978 373 1015 esse,
408 978 458 1004 ne
487 966 691 1005 mutabilia
719 967 742 1005 i.
773 980 807 1005 e.
841 968 1026 1006 mortalia
1055 969 1144 1007 sint.
1199 969 1385 1020 Legimus
1416 971 1518 1009 enim
1547 973 1650 1021 apud

259 1027 486 1065 Lucretium
515 1027 710 1076 (11‚749):

444 1089 571 1129 omnis
600 1090 700 1129 enim
730 1091 841 1129 color
869 1091 1028 1129 omnino
1056 1095 1228 1130 mutatur
1255 1092 1294 1131 in
1322 1094 1468 1142 omnis;

445 1151 550 1199 quod
580 1151 715 1189 faeere
744 1152 846 1189 haud
875 1152 955 1189 ullo
985 1152 1135 1189 debent
1163 1153 1380 1202 primordia
1406 1158 1540 1203 pacto.

443 1210 688 1250 immutabile
718 1213 818 1249 enim
849 1213 1033 1261 quiddam
1062 1225 1253 1262 superare
1281 1218 1503 1262 necessest,
1532 1236 1582 1240 -—

442 1323 611 1382 proinde
640 1333 776 1371 colore
807 1345 905 1372 cave
935 1334 1146 1383 contingas
1176 1334 1326 1373 semina
1352 1347 1493 1383 rei-um,

443 1404 494 1430 ne
522 1394 594 1430 tibi
623 1406 689 1432 res
717 1395 887 1432 redeant
915 1396 965 1432 ad
992 1395 1110 1432 nilum
1140 1394 1318 1432 funditus
1348 1395 1510 1433 omnes“

260 1456 302 1491 et
328 1453 432 1503 apud
460 1452 666 1491 Laertium
696 1453 761 1503 (X,
776 1454 863 1503 54):
892 1454 1037 1505 ποιότης
1063 1456 1160 1491 πᾶσα
1185 1454 1411 1506 μεταβάλλει,
1438 1453 1474 1491 αἰ
1502 1454 1542 1492 δὲ
1570 1452 1649 1492 ἄτο-

259 1528 318 1565 μοι
344 1514 429 1552 οὐδὲ
456 1515 752 1566 μεταβάλλουσιν,
782 1514 973 1567 ἐπειδήπερ
1002 1517 1060 1554 δεῖ
1073 1531 1103 1553 τι
1122 1514 1305 1566 ὑπομένειν
1324 1515 1359 1552 ἐν
1378 1518 1452 1557 ταῖς
1470 1515 1652 1553 διαλύσεσι

258 1577 329 1612 τῶν
357 1574 572 1625 συγκρίσεων
600 1576 745 1626 στερεὸν
769 1576 826 1613 καὶ
853 1576 1056 1615 ἀδιάλυτον.
1110 1576 1250 1625 Neque
1279 1576 1356 1613 vim
1384 1576 1651 1614 calefaciendi

258 1638 301 1674 et
326 1635 608 1685 frigefaciendi
643 1635 702 1685 (τὸ
730 1636 961 1687 θερμαντικὸν
988 1637 1045 1674 καὶ
1070 1639 1110 1674 τὸ
1137 1636 1303 1688 ψυκτικόν
1330 1652 1380 1669 =
1407 1648 1536 1686 neque
1569 1636 1651 1674 fri-

258 1709 345 1746 gus
365 1708 494 1745 neque
516 1697 687 1735 calidum
708 1698 963 1746 tepidumque
989 1710 1220 1746 vaporem
1237 1698 1328 1735 Lcr.
1346 1698 1399 1745 II,
1419 1697 1513 1743 858)
1532 1696 1652 1735 atomi

256 1756 428 1806 bahem
465 1757 537 1796 sed
572 1757 609 1795 in
648 1757 840 1807 congerie
876 1757 1029 1796 demum
1059 1757 1205 1807 aliquid
1233 1760 1423 1807 apparet,
1452 1757 1559 1807 quod
1584 1757 1651 1795 vel

256 1819 382 1868 frigus
418 1817 478 1866 (τὸ
506 1816 659 1868 ψυχρόν)
697 1830 745 1855 ac
774 1822 955 1855 naturam
983 1818 1264 1868 frigefaciendi
1291 1817 1506 1867 (ψυχρασίας
1533 1818 1652 1866 φύσιν)

256 1880 442 1927 praestat
459 1877 523 1915 vel
544 1877 719 1916 calorem
739 1877 797 1925 (τὸ
817 1876 961 1927 θερμὸν,
990 1877 1052 1927 τὴν
1070 1876 1295 1928 θερμότηκα)
1324 1881 1365 1915 et
1381 1878 1650 1920 inflammatio-

257 1949 347 1977 nem
377 1938 455 1987 (τὴν
482 1937 655 1987 πύρωσιν)
685 1938 819 1976 efficit.
849 1937 970 1987 (Plut.
1000 1950 1093 1976 mor.
1124 1950 1162 1987 p.
1194 1938 1303 1977 1110.
1332 1940 1379 1976 A.
1393 1937 1506 1984 B.›8)

361 1998 473 2044 Quae
503 2010 620 2047 quum
648 1999 705 2036 ita
734 1999 824 2047 sint,
854 1998 946 2047 quid
975 1998 1135 2036 tandem
1165 1998 1214 2035 de
1242 1998 1390 2048 triplici
1410 1997 1480 2035 illa
1500 2000 1650 2035 atomo-

254 2072 340 2098 rum
370 2058 562 2110 qualitate
588 2059 639 2097 ab
660 2059 869 2109 Epicureis
897 2062 1096 2097 statuatur
1125 2058 1354 2097 accuratius
1383 2058 1650 2108 anquiramus.

357 2120 529 2158 Primum
563 2119 685 2169 igitur
719 2133 799 2159 non
829 2120 995 2169 quaevis
1027 2119 1066 2156 in
1095 2119 1238 2156 atomis
1267 2119 1554 2168 magnitudo
1584 2131 1650 2168 pu-

255 2181 380 2219 tanda
409 2184 472 2220 est
504 2179 592 2230 (πᾶν
620 2178 773 2230 μέγεθος
799 2181 849 2230 μὴ
874 2177 960 2217 εἶναι
986 2179 1066 2231 περὶ
1092 2178 1202 2220 αὐτὰς
1229 2179 1277 2217 D.
1292 2179 1377 2228 44):
1413 2179 1535 2218 veluti
1569 2191 1648 2218 non

254 2242 410 2292 ingenti
444 2241 718 2290 magnitudine
752 2241 846 2279 illae
881 2244 1053 2290 possunt
1086 2252 1196 2290 esse,
1230 2240 1348 2278 immo
1385 2240 1494 2277 nullo
1531 2240 1650 2277 modo

266 2314 388 2343 sensu
404 2301 678 2353 percipiuntur
700 2300 893 2345 (οὐδέποτε
915 2299 1048 2351 ἄτομος
1070 2300 1180 2352 ὤφθη
1207 2301 1372 2351 αἰσθήσει
1398 2300 1444 2338 D.
1466 2299 1515 2349 X,
1532 2299 1584 2337 44
1602 2313 1651 2332 =

254 2363 409 2415 „omnis
438 2362 538 2400 enim
564 2363 684 2412 longe
713 2363 861 2401 nostris
890 2363 939 2400 ab
969 2362 1153 2401 sensibus
1180 2363 1286 2400 infra
1311 2364 1316 2411 Ι
1340 2362 1556 2412 primorum
1583 2373 1650 2398 na-

253 2430 344 2464 tura
370 2424 481 2462 iacet
506 2422 596 2462 Lcr.
616 2423 794 2473 11‚312);
824 2426 999 2462 ceterum
1028 2422 1270 2472 magnitudo,
1300 2434 1401 2472 quae
1423 2434 1544 2462 sensu
1561 2434 1649 2473 per·

339 2527 364 2566 ⁸)
389 2524 501 2557 Simili
521 2524 622 2556 modo
646 2524 829 2556 Lucretius
853 2524 954 2555 dicit:
978 2523 1130 2561 „debent
1151 2522 1339 2565 primordia
1360 2533 1472 2556 rerum

434 2574 510 2606 Non
536 2574 699 2606 adhibere
726 2584 823 2606 suum
847 2573 1031 2615 gignundis
1056 2573 1158 2604 rebus
1182 2572 1375 2612 odorem,

438 2625 512 2657 Nec
536 2624 723 2656 sonitum
746 2648 753 2655 .
778 2651 785 2658 .
809 2650 815 2657 .
839 2649 846 2656 .

437 2676 512 2709 Nec
537 2675 639 2707 simili
663 2676 796 2707 ratione
818 2684 1017 2717 saporem
1041 2674 1187 2716 denique
1211 2677 1435 2715 quemquam‘⁴
1482 2672 1541 2713 (11,
1557 2672 1650 2713 e54)
