1804 2936
914 160 963 200 10

238 288 279 322 et
339 316 346 323 .
376 314 384 322 .
416 314 424 321 .
454 282 598 322 fluvido
628 295 730 332 quae
760 295 930 333 corpore
960 283 1111 333 liquida
1144 287 1332 324 constant
1360 283 1489 334 (452);

339 350 381 383 at
405 349 558 393 eontra,
589 357 690 393 quae
720 356 855 382 amara
885 349 1005 394 atque
1035 358 1181 395 aspera
1207 357 1360 396 cunque
1389 344 1584 392 videntur,

337 407 438 443 haec
465 406 597 454 mugis
626 405 844 443 hamatis
873 405 979 443 inter
1006 417 1050 443 se
1078 418 1185 444 nexa
1213 406 1351 444 tener‘

233 466 396 517 (11,404
420 483 471 502 =
496 466 666 504 hamatis
695 466 800 504 inter
826 477 870 504 se
897 477 1088 516 perque
1115 466 1334 516 plicatis
1373 466 1478 515 394),
1511 469 1631 516 atque

237 539 339 576 quae
397 556 406 564 .
436 557 444 565 .
475 556 483 564 .
516 527 660 565 durata
688 539 735 564 ac
763 527 897 575 spissa
924 526 1119 576 videntur,

388 587 488 625 haec
516 588 643 637 magis
671 587 841 625 hamatis
868 587 972 625 inter
1000 599 1093 626 sese
1123 600 1212 627 esse
1242 600 1414 627 necesse
1442 587 1492 626 ’st

390 652 432 686 et
461 648 599 698 quasi
626 648 837 687 ramosis
868 648 949 686 alte
979 652 1192 698 compacta
1218 648 1372 687 teneri“
1428 649 1495 698 (Π,
1512 649 1618 696 444).

233 710 455 747 Praeterea
535 712 628 747 sunt
655 708 784 756 etiam,
814 720 914 757 quae
943 708 1019 746 iam
1047 720 1123 747 nec
1150 708 1258 747 levia
1285 708 1370 747 iure
1398 712 1589 759 putantur

361 782 453 809 esse
483 781 611 819 neque
641 769 802 807 omnino
831 769 943 808 flexis
974 769 1227 808 mucronibus
1254 782 1369 819 unca,

359 831 432 868 sed
460 830 587 879 magis
616 829 839 878 angellis
868 829 1025 877 paulum
1054 829 1394 877 prostantibu’
1421 840 1604 879 quaeque

359 891 526 930 titillare
554 890 683 940 magis
713 902 855 928 sensus
882 902 999 939 quam
1026 889 1190 929 laedere
1219 890 1414 940 possunt“
1468 890 1593 939 (426).

341 952 452 997 Quae
480 951 602 1000 igitur
629 951 846 1000 praecipua
876 953 1103 988 statuuntur
1130 954 1351 989 atomorum
1377 950 1528 1000 figurae
1556 951 1630 988 hae

236 1016 345 1051 sunt:
386 1012 518 1060 leves,
547 1012 762 1059 rutundae,
798 1011 1002 1060 hamatae,
1044 1023 1248 1061 ramosae,
1286 1011 1514 1061 angulatae.
1554 1011 1630 1060 (ap.

235 1073 319 1111 Cic.
356 1074 405 1110 de
434 1076 515 1110 nat.
545 1074 657 1111 deor.
685 1073 781 1121 I‚24
817 1076 858 1109 et
885 1073 998 1109 acad.
1030 1085 1093 1121 qu.
1121 1072 1172 1120 II,
1189 1073 1259 1111 38:
1298 1083 1487 1121 asperae,
1524 1072 1629 1109 unci-

236 1137 368 1182 natae,
399 1133 609 1183 rotundae,
637 1133 781 1180 leves).
1142 1181 1145 1184 K

338 1193 467 1233 Porro
497 1206 613 1243 quam
642 1205 780 1232 omnes
815 1206 881 1232 res
919 1193 1075 1243 pondus
1105 1193 1301 1242 habeant,
1342 1194 1417 1232 sed
1452 1193 1631 1243 ejusdem

236 1255 520 1305 magnitudinis
556 1266 730 1303 corpora
766 1266 846 1292 non
885 1266 1044 1303 semper
1070 1254 1175 1292 idem
1203 1255 1372 1304 pondus,
1400 1254 1630 1293 Lucretius:

359 1315 492 1365 „quod
519 1313 768 1364 magnum’st,
796 1314 935 1364 inquit,
966 1325 1091 1364 aeque
1119 1313 1324 1365 leviusque
1353 1315 1520 1363 videtur,

357 1377 537 1414 nimirum
558 1375 649 1425 plus
679 1386 770 1413 esse
800 1375 873 1413 sibi
902 1375 1084 1414 declarat
1110 1375 1253 1424 inanis,

360 1442 401 1474 at
428 1439 570 1474 contra
598 1436 760 1485 gravius
788 1436 878 1485 plus
907 1436 947 1473 in
976 1448 1019 1474 se
1050 1436 1233 1485 corporis
1262 1447 1367 1484 esse,

359 1497 526 1536 dedicat
554 1499 596 1535 et
621 1496 743 1534 multo
777 1496 895 1533 vacui
922 1495 1050 1534 minus
1076 1497 1184 1536 intus
1213 1496 1386 1536 habere“
1415 1495 1567 1547 (I‚365)

234 1559 417 1609 Denique
446 1559 568 1597 docet
595 1560 731 1606 poeta,
759 1557 858 1594 nihil
886 1569 990 1607 esse,

360 1618 466 1669 quod
495 1629 646 1668 genere
676 1629 726 1656 ex
754 1629 832 1655 uno
863 1618 1062 1656 consistat
1088 1617 1385 1668 principiorum,

358 1691 435 1718 nec
450 1679 660 1728 quicquam
675 1679 781 1728 quod
797 1690 878 1716 non
892 1678 1089 1727 permixto
1104 1678 1252 1718 semine
1268 1677 1454 1717 constet⁴‘
1469 1677 1633 1728 (11‚584)

234 1752 311 1779 nec
338 1744 472 1778 tamen
501 1739 737 1778 omnimodis
767 1739 954 1777 connecti
984 1750 1107 1789 posse
1137 1738 1270 1777 omnia
1298 1738 1366 1789 (II,
1377 1739 1481 1788 700),

236 1802 310 1841 sed
364 1801 523 1850 „omnia
550 1799 767 1839 seminibus
797 1799 920 1838 certis
951 1803 1064 1838 certa
1090 1799 1297 1849 genetrice
1327 1804 1465 1839 creata

358 1871 603 1900 conservare
632 1871 757 1910 genus
787 1858 1036 1898 crescentia“
1091 1859 1281 1909 (11,707).

233 1922 294 1962 Ne
322 1935 421 1962 vero
451 1934 593 1962 sensus
623 1920 769 1971 aliquis
798 1920 940 1959 atomis
968 1919 1164 1959 tribuatur
1190 1920 1402 1960 Lucretius

357 1995 444 2032 „ea,
473 1982 612 2031 inquit,
644 1993 748 2031 quae
777 1982 926 2025 sentire
956 1981 1147 2031 videmus,
1187 2011 1196 2020 .
1225 2010 1234 2019 .

358 2054 415 2080 ex
442 2041 719 2081 insensilib
733 2054 786 2080 us
814 2045 948 2080 tamen
978 2041 1109 2080 omnia
1129 2070 1140 2083 .
1160 2071 1169 2082 .
1189 2041 1397 2092 principiis
1417 2039 1629 2080 constant“

232 2103 303 2151 (ΙΙ,
319 2102 406 2142 865.
422 2103 516 2152 870)
546 2106 605 2142 et:

354 2166 436 2201 tum
463 2175 587 2213 porro
617 2162 711 2214 quid
736 2162 778 2201 id
806 2167 881 2214 est,
910 2164 1079 2202 animum
1109 2164 1215 2214 quod
1243 2162 1428 2214 percutit,
1460 2162 1587 2212 ipsum

357 2225 466 2275 quod
492 2229 627 2265 movet
653 2228 694 2264 et
717 2225 853 2265 varios
884 2239 1026 2266 sensus
1056 2238 1292 2275 expromere
1317 2224 1438 2274 cogit,

356 2297 415 2322 ex
442 2286 780 2325 insensilibus
805 2286 845 2322 ni
874 2286 1016 2324 eredas
1045 2285 1238 2324 sensile
1267 2277 1407 2335 gigni?

232 2345 301 2395 (II,
317 2345 403 2384 886.
422 2346 473 2384 cf.
489 2346 576 2385 893.
591 2345 678 2385 895.
693 2345 808 2395 902);
837 2345 996 2395 idioque
1022 2346 1138 2386 loco:

355 2406 458 2446 scire
486 2407 584 2445 licet
612 2407 725 2456 gigni
751 2418 874 2455 posse
902 2418 958 2444 ex
986 2419 1082 2445 non
1109 2406 1323 2445 sensibu’
1353 2418 1495 2445 sensus

233 2467 397 2516 (11‚930
414 2481 465 2500 =
484 2478 535 2505 ex
560 2479 643 2505 non
672 2478 793 2504 sensu
822 2477 965 2504 sensus
993 2466 1090 2514 932)
1118 2471 1240 2516 atque
1269 2467 1400 2506 addit:

355 2528 430 2567 sed
456 2527 594 2578 magni
618 2526 776 2565 referre
804 2538 853 2565 ea
879 2526 1044 2575 primum
1074 2527 1264 2577 quantula
1292 2531 1483 2568 constent

356 2587 505 2627 sensile
529 2599 630 2638 quae
658 2587 823 2638 faciunt,
854 2591 894 2625 et
922 2599 1000 2637 qua
1028 2587 1110 2627 sint
1134 2588 1322 2639 praedita
1348 2588 1488 2637 forma,

355 2649 539 2699 motibus,
569 2649 787 2699 ordinibus,
814 2649 1008 2699 posituris
1036 2649 1213 2700 denique
1242 2662 1345 2700 quae
1374 2649 1480 2689 sint“
1506 2647 1627 2699 (894.)
