1804 2936
817 237 868 281 39

250 361 352 402 Tum
378 363 620 402 vero'dicitz

169 424 238 474 (V,
255 424 366 470 146):
394 423 502 462 Illud
524 424 614 462 item
644 437 723 462 non
753 428 817 463 est
842 429 885 463 ut
911 425 1044 475 possis
1073 426 1253 475 credere,
1282 425 1400 464 sedes

391 497 485 524 esse
512 485 627 523 deum
656 488 817 524 sanctas
844 486 885 523 in
912 486 1046 524 mundi
1073 487 1256 536 partibus
1284 486 1387 525 uilis.

249 545 325 592 Qui
352 556 511 592 versus,
548 558 665 595 quum
699 545 829 584 statim
858 550 953 595 post
979 558 1051 585 eos
1078 547 1282 596 legantur,
1318 547 1460 596 quibus
1487 548 1527 585 in

145 606 226 643 alia
253 609 473 656 praecepta
494 605 717 645 Stoicorum
744 609 867 655 poeta
892 605 1102 655 invehitur,
1132 612 1173 646 et
1198 608 1273 657 ipsi
1296 608 1345 645 ad
1366 606 1527 646 Stoicos

144 667 331 704 videntur
358 671 559 716 spectaret
613 667 675 704 Illi
706 666 820 713 enim,
850 678 1081 715 quamquam
1101 668 1325 706 universum
1346 668 1528 705 mundum

144 727 260 765 deum
293 738 385 766 esse
424 727 739 775 arbitrabantur,
780 727 820 764 in
857 739 935 776 quo
969 738 1141 765 necesse
1170 731 1282 766 esset
1308 728 1527 776 perfectam

144 787 251 826 illam
278 791 398 837 atque
433 787 658 827 absolutam
693 787 829 825 inesse
864 788 1077 835 rationem,
1116 791 1247 825 tamen
1280 788 1320 824 in
1348 788 1536 825 omnibus

143 848 263 886 rebus
292 860 316 886 a
342 848 508 897 reliquis
535 847 715 897 partibus
744 851 898 897 partem
927 847 1121 898 quandam
1148 848 1367 897 principem
1389 848 1526 886 distin-

143 909 328 958 guebant,
355 909 396 947 in
426 910 504 959 qua
530 913 717 958 tanquam
742 909 869 958 prima
890 921 1118 958 summaque
1141 909 1237 947 sede
1258 909 1441 958 perfecta
1458 909 1529 946 illa

145 970 406 1020 absolutaque
432 970 537 1008 ratio
565 969 778 1018 habitaret,
806 973 848 1007 et
874 969 977 1007 unde
1005 981 1142 1008 omnes
1173 970 1278 1007 vires
1307 968 1528 1007 efficientes

144 1029 453 1077 emanarent-59).
491 1031 615 1079 Quam
643 1029 864 1080 principem
892 1029 954 1067 dei
979 1029 1114 1068 sedem
1134 1030 1256 1078 Zeno,
1287 1031 1531 1081 Chrysippus

145 1090 291 1140 aliique
328 1091 453 1130 Stoici
496 1093 695 1142 putabant
733 1091 771 1127 in
808 1090 972 1128 aethere
1007 1090 1031 1127 i.
1061 1102 1094 1128 e.
1131 1091 1169 1128 in
1208 1092 1324 1129 coclo
1353 1104 1444 1131 esse
1460 1090 1530 1141 ⁶⁰),

145 1151 362 1190 Cleanthes
401 1153 440 1190 in
476 1150 649 1201 solem),
690 1151 965 1190 Archedemus
1000 1150 1039 1188 in
1075 1154 1183 1189 terra
1211 1152 1235 1191 i.
1256 1164 1288 1190 e.
1318 1153 1358 1190 in
1387 1154 1530 1192 mundo

143 1210 419 1261 medi062).-
446 1214 627 1263 Denique
654 1213 692 1250 in
720 1213 811 1251 libri
841 1213 955 1263 primi
979 1225 1027 1250 eo
1058 1213 1158 1260 loco,
1189 1226 1266 1262 quo
1295 1214 1345 1252 de
1374 1215 1530 1263 „medio

148 1273 345 1312 summae“
375 1275 564 1324 disputat,
594 1274 646 1312 ad
674 1274 780 1324 quod
812 1273 1034 1312 Stoicorum
1062 1274 1264 1312 sententia
1290 1274 1421 1312 omnia
1446 1279 1529 1312 ten-

145 1336 253 1385 dant,
281 1335 331 1385 (I,
355 1335 570 1385 1052sqq.)
614 1334 821 1374 Lucretius
856 1334 989 1372 dicere
1018 1334 1165 1385 pergit,
1212 1336 1377 1374 eosdem
1403 1335 1529 1386 philo-

145 1397 293 1447 sophos
322 1397 442 1436 etiam
470 1397 629 1445 docere,
660 1396 709 1446 (I,
726 1396 864 1444 1058):

319 1489 340 1507 ,7
361 1489 369 1498 .
392 1488 401 1497 .
422 1488 431 1497 .
452 1470 553 1508 quae
580 1458 760 1507 pondera
789 1456 887 1495 sint
915 1458 987 1495 sub
1016 1457 1133 1495 terris
1163 1458 1292 1495 omnia
1321 1470 1474 1497 sursum

268 1520 413 1568 „nitier
437 1519 475 1557 in
504 1523 692 1568 terraque
718 1519 826 1554 retro
855 1516 1110 1566 requiescere
1137 1522 1267 1568 post-a,

196 1583 237 1618 et
267 1584 334 1629 „ut
361 1592 435 1630 per
462 1591 587 1630 aquas
616 1590 718 1629 quae
745 1589 850 1615 nunc
878 1589 1007 1616 rerum
1029 1571 1247 1617 'simulacra
1272 1579 1462 1630 videmus,

266 1641 459 1690 „adsimili
485 1641 643 1679 ratione
669 1639 854 1678 animalia
885 1650 1013 1689 suppa
1041 1640 1184 1689 vagari

267 1731 289 1750 ‚‚
301 1730 430 1740 .....
443 1731 451 1750 ,
479 1712 608 1750 neque
632 1712 757 1750 posse
784 1712 806 1738 e
832 1700 951 1738 terris
980 1699 1021 1736 in
1047 1699 1142 1738 loca
1171 1701 1274 1739 caeli

268 1762 499 1812 „reccidere
526 1761 718 1800 inferiora
745 1761 872 1811 magis
901 1764 1019 1810 qua'm
1046 1773 1220 1811 corpora
1248 1765 1389 1800 nostra

266 1827 436 1875 ‚3sponte
466 1836 538 1864 sua
563 1822 723 1874 possint
748 1821 789 1860 in
818 1821 922 1860 caeli
948 1821 1098 1872 templa
1123 1823 1274 1872 volare,

266 1885 349 1934 „illi
377 1889 464 1924 cu'm
491 1886 657 1924 videant
683 1883 821 1933 solem,
849 1895 924 1922 nos
953 1883 1091 1923 sidera
1120 1884 1250 1923 noctis

229 2007 270 2046 ⁶⁹)
296 2006 372 2039 cic.
390 2006 431 2038 de
448 2008 518 2038 nat.
537 2006 631 2040 deor.
648 2005 692 2044 H,
710 2005 756 2037 13.
774 2024 814 2029 —
828 2004 874 2044 11‚=
891 2006 937 2043 11,
950 2005 1007 2038 29ἐ
1031 2015 1163 2038 omnem
1186 2006 1272 2037 enim
1297 2006 1462 2037 naturn'm‘
1474 2008 1530 2038 rie-

142 2066 243 2088 cesse
267 2061 338 2095 est,
363 2067 449 2098 quae
473 2067 538 2088 non
563 2057 718 2088 solitaria
740 2057 797 2093 sit,
821 2066 933 2097 neque
957 2056 1114 2098 simplex,
1139 2058 1199 2089 sed
1223 2066 1297 2089 cum
1321 2056 1388 2087 alio
1408 2056 1531 2096 juncta

144 2110 249 2149 atque
273 2117 447 2146 connexa,
470 2107 598 2139 habere
622 2106 770 2148 aliquem
795 2108 827 2139 iu
851 2118 889 2138 se
913 2107 1141 2150 principatum
1165 2112 1202 2138 ut
1224 2107 1259 2138 in*
1279 2107 1413 2138 homine
1438 2114 1528 2140 meil-

141 2161 209 2189 tem
331 2159 450 2201 itaque
481 2167 625 2190 necesse
655 2163 724 2197 esi,
764 2159 845 2190 illud
876 2159 995 2193 etiam,
1032 2159 1064 2189 iu
1097 2169 1163 2200 quo
1187 2158 1232 2189 sit
1256 2160 1362 2191 totius
1386 2164 1527 2192 naturae

140 2209 358 2250 principatus
388 2218 467 2240 esse
500 2209 645 2240 omnium
670 2210 844 2250 optimum.
877 2228 916 2232 —
951 2207 1047 2240 Sext.v
1070 2206 1165 2250 Emp.
1190 2207 1346 2253 mutilem.
1367 2207 1433 2249 IX,
1454 2212 1526 2245 102:

141 2249 212 2287 ἀπὸ
247 2251 458 2301 ἡγεμονικοῦ
493 2251 550 2288 καὶ
583 2252 691 2288 πᾶσαι
726 2252 760 2288 αἱ
787 2251 843 2288 ἐπὶ
869 2251 913 2288 τὰ
941 2251 1031 2300 μέρη
1065 2252 1127 2288 τοῦ
1155 2251 1241 2288 ὅλου
1269 2251 1525 2293 ἐξαποστελῦζό-

141 2315 242 2350 μεναι
268 2303 435 2352 δυνάμεις
468 2304 518 2342 ὡς
553 2301 624 2339 ἀπό
658 2315 748 2343 τινος
780 2305 896 2351 πηγῆς
924 2304 986 2338 τοῦ
1011 2303 1220 2350 ἡγεμονῐκοῦ
1249 2300 1525 2343 effando-temam

141 2365 195 2389 ται
222 2367 254 2392 κ.
282 2367 312 2391 τ.
342 2355 374 2392 λ.

225 2424 265 2465 ⁸⁰)
290 2423 361 2456 Cic.
378 2423 474 2455 acad.
489 2423 533 2461 Π,
549 2423 599 2461 41,
618 2423 684 2456 126.
701 2441 740 2446 -
765 2429 830 2455 nat,
850 2422 941 2456 deor.
957 2422 984 2460 I,
1005 2423 1051 2461 14,
1065 2420 1116 2456 36.
1133 2441 1169 2446 —
1192 2423 1294 2464 Diog.
1310 2425 1425 2458 Laert.
1449 2427 1523 2466 VII,

145 2474 305 2508 138.139:
330 2464 408 2515 (τὸν
435 2465 583 2515 οὐρανόν
612 2479 699 2516 φασι
725 2465 765 2501 τὸ
795 2466 1001 2514 ἡγεμονικὸν
1024 2467 1086 2502 τοῦ
1113 2464 1279 2518 κόσμῳ).

224 2542 264 2581 ⁸¹)
287 2541 359 2575 Cic.
383 2542 479 2574 acad.
500 2542 543 2580 H,
563 2542 609 2579 14,
630 2541 702 2574 126:
735 2539 918 2572 Cleanthes
936 2564 943 2572 .
961 2564 967 2571 .
985 2565 1014 2572 ..
1037 2540 1144 2571 solem
1168 2539 1330 2573 dominari
1356 2545 1392 2574 et
1414 2553 1525 2577 rerum

138 2592 417 2684 ξὲἆὶτὲλωῗίοὲ.
448 2593 566 2625 Laert.
589 2592 671 2631 VH,
696 2591 771 2624 139:
811 2576 1000 2632 Κλεάνθης
1026 2583 1067 2620 δὲ
1100 2581 1158 2632 (τὸ
1183 2583 1394 2634 ἡγεμονικόν
1421 2589 1526 2637 φησι)

226 2705 265 2744 ⁰²)
287 2705 461 2737 Stobaeus
485 2704 547 2738 ecl.
569 2704 595 2742 Ι,
611 2705 688 2736 452ε
712 2694 940 2746 Ἀρχέδημος
966 2694 1006 2731 τὸ
1024 2695 1232 2745 ἡγεμονικὸν
1255 2696 1317 2732 τοῦ
1335 2694 1470 2748 κόσμου
1489 2698 1524 2736 ἐν

140 2747 190 2795 γῇ
216 2746 387 2798 ὑπάρχειν
402 2746 635 2798 ἀπεφήνατο.
