<?xml version="1.0" encoding="UTF-8"?>
<!DOCTYPE html PUBLIC "-//W3C//DTD XHTML 1.0 Transitional//EN"
    "http://www.w3.org/TR/xhtml1/DTD/xhtml1-transitional.dtd">
<html xmlns="http://www.w3.org/1999/xhtml" xml:lang="en" lang="en">
 <head>
  <title>
</title>
<meta http-equiv="Content-Type" content="text/html;charset=utf-8" />
  <meta name='ocr-system' content='tesseract 3.04.00' />
  <meta name='ocr-capabilities' content='ocr_page ocr_carea ocr_par ocr_line ocrx_word'/>
</head>
<body>
  <div class='ocr_page' id='page_1' title='image "4737248_0011.png"; bbox 0 0 1804 2936; ppageno 0'>
   <div class='ocr_carea' id='block_1_1' title="bbox 209 550 1599 1021">
    <p class='ocr_par' dir='ltr' id='par_1_1' title="bbox 209 550 1599 1021">
     <span class='ocr_line' id='line_1_1' title="bbox 209 550 1596 615; baseline 0 -11"><span class='ocrx_word' id='word_1_1' title='bbox 209 550 410 615; x_wconf 77' lang='lat' dir='ltr'>Longioris</span> <span class='ocrx_word' id='word_1_2' title='bbox 440 572 695 605; x_wconf 80' lang='lat' dir='ltr'><strong>dissertationis</strong></span> <span class='ocrx_word' id='word_1_3' title='bbox 724 571 946 615; x_wconf 87' lang='lat' dir='ltr'><strong>Amplissimo</strong></span> <span class='ocrx_word' id='word_1_4' title='bbox 974 571 1262 615; x_wconf 81' lang='lat' dir='ltr'><strong>Philosophorum</strong></span> <span class='ocrx_word' id='word_1_5' title='bbox 1282 572 1412 615; x_wconf 71' lang='lat' dir='ltr'><strong>{Ordini</strong></span> <span class='ocrx_word' id='word_1_6' title='bbox 1445 571 1596 605; x_wconf 89' lang='lat' dir='ltr'><strong>traditae</strong></span> 
     </span>
     <span class='ocr_line' id='line_1_2' title="bbox 210 623 1597 667; baseline 0 -11"><span class='ocrx_word' id='word_1_7' title='bbox 210 624 295 656; x_wconf 87' lang='lat' dir='ltr'><strong>duas</strong></span> <span class='ocrx_word' id='word_1_8' title='bbox 319 626 449 656; x_wconf 83' lang='lat' dir='ltr'><strong>tantum</strong></span> <span class='ocrx_word' id='word_1_9' title='bbox 472 623 661 667; x_wconf 87' lang='lat' dir='ltr'><strong>particulas</strong></span> <span class='ocrx_word' id='word_1_10' title='bbox 684 624 777 666; x_wconf 86' lang='lat' dir='ltr'><strong>typis</strong></span> <span class='ocrx_word' id='word_1_11' title='bbox 801 623 1039 666; x_wconf 87' lang='lat' dir='ltr'><strong>exprimendas</strong></span> <span class='ocrx_word' id='word_1_12' title='bbox 1063 623 1267 662; x_wconf 80' lang='lat' dir='ltr'><strong>curavimus,</strong></span> <span class='ocrx_word' id='word_1_13' title='bbox 1290 623 1422 666; x_wconf 85' lang='lat' dir='ltr'><strong>reliqua</strong></span> <span class='ocrx_word' id='word_1_14' title='bbox 1444 624 1478 656; x_wconf 90' lang='lat' dir='ltr'><strong>in</strong></span> <span class='ocrx_word' id='word_1_15' title='bbox 1504 623 1597 657; x_wconf 88' lang='lat' dir='ltr'><strong>aliud</strong></span> 
     </span>
     <span class='ocr_line' id='line_1_3' title="bbox 209 674 1597 716; baseline -0.001 -10"><span class='ocrx_word' id='word_1_16' title='bbox 209 677 345 716; x_wconf 86' lang='lat' dir='ltr'><strong>tempus</strong></span> <span class='ocrx_word' id='word_1_17' title='bbox 379 677 608 706; x_wconf 74' lang='lat' dir='ltr'><strong>reservantes.</strong></span> <span class='ocrx_word' id='word_1_18' title='bbox 669 674 877 715; x_wconf 86' lang='lat' dir='ltr'><strong>Scripsimus</strong></span> <span class='ocrx_word' id='word_1_19' title='bbox 914 674 1000 704; x_wconf 86' lang='lat' dir='ltr'><strong>enim</strong></span> <span class='ocrx_word' id='word_1_20' title='bbox 1042 675 1280 714; x_wconf 81' lang='lat' dir='ltr'><strong>quaestionum</strong></span> <span class='ocrx_word' id='word_1_21' title='bbox 1310 674 1597 705; x_wconf 82' lang='lat' dir='ltr'><strong>Lucretianarum</strong></span> 
     </span>
     <span class='ocr_line' id='line_1_4' title="bbox 212 722 1598 766; baseline -0.001 -11"><span class='ocrx_word' id='word_1_22' title='bbox 212 723 329 766; x_wconf 86' lang='lat' dir='ltr'><strong>capita</strong></span> <span class='ocrx_word' id='word_1_23' title='bbox 350 723 427 761; x_wconf 88' lang='lat' dir='ltr'><strong>duo,</strong></span> <span class='ocrx_word' id='word_1_24' title='bbox 462 733 603 766; x_wconf 91' lang='lat' dir='ltr'><strong>quorum</strong></span> <span class='ocrx_word' id='word_1_25' title='bbox 632 733 733 755; x_wconf 90' lang='lat' dir='ltr'><strong>unum</strong></span> <span class='ocrx_word' id='word_1_26' title='bbox 755 724 811 755; x_wconf 91' lang='lat' dir='ltr'><strong>est</strong></span> <span class='ocrx_word' id='word_1_27' title='bbox 832 723 875 755; x_wconf 87' lang='lat' dir='ltr'><strong>de</strong></span> <span class='ocrx_word' id='word_1_28' title='bbox 898 722 1082 755; x_wconf 80' lang='lat' dir='ltr'><strong>sententiis</strong></span> <span class='ocrx_word' id='word_1_29' title='bbox 1112 723 1362 765; x_wconf 77' lang='lat' dir='ltr'><strong>philosophicis</strong></span> <span class='ocrx_word' id='word_1_30' title='bbox 1392 726 1428 755; x_wconf 88' lang='lat' dir='ltr'><strong>et</strong></span> <span class='ocrx_word' id='word_1_31' title='bbox 1453 724 1598 755; x_wconf 82' lang='lat' dir='ltr'><strong>maxime</strong></span> 
     </span>
     <span class='ocr_line' id='line_1_5' title="bbox 214 772 1597 816; baseline -0.002 -9"><span class='ocrx_word' id='word_1_32' title='bbox 214 772 392 807; x_wconf 85' lang='lat' dir='ltr'><strong>vocabulis</strong></span> <span class='ocrx_word' id='word_1_33' title='bbox 416 773 596 811; x_wconf 82' lang='lat' dir='ltr'><strong>technicis,</strong></span> <span class='ocrx_word' id='word_1_34' title='bbox 619 773 763 806; x_wconf 88' lang='lat' dir='ltr'><strong>alterum</strong></span> <span class='ocrx_word' id='word_1_35' title='bbox 792 773 834 805; x_wconf 87' lang='lat' dir='ltr'><strong>de</strong></span> <span class='ocrx_word' id='word_1_36' title='bbox 864 773 1075 816; x_wconf 74' lang='lat' dir='ltr'><strong>mythologie.</strong></span> <span class='ocrx_word' id='word_1_37' title='bbox 1102 776 1138 804; x_wconf 84' lang='lat' dir='ltr'><strong>et</strong></span> <span class='ocrx_word' id='word_1_38' title='bbox 1165 773 1341 814; x_wconf 85' lang='lat' dir='ltr'><strong>religione.</strong></span> <span class='ocrx_word' id='word_1_39' title='bbox 1384 774 1484 806; x_wconf 89' lang='lat' dir='ltr'><strong>Haec</strong></span> <span class='ocrx_word' id='word_1_40' title='bbox 1514 783 1597 807; x_wconf 85' lang='lat' dir='ltr'><strong>vero</strong></span> 
     </span>
     <span class='ocr_line' id='line_1_6' title="bbox 211 822 1599 867; baseline 0 -12"><span class='ocrx_word' id='word_1_41' title='bbox 211 823 517 856; x_wconf 81' lang='lat' dir='ltr'><strong>dissertatiuncula</strong></span> <span class='ocrx_word' id='word_1_42' title='bbox 537 824 573 855; x_wconf 88' lang='lat' dir='ltr'><strong>et</strong></span> <span class='ocrx_word' id='word_1_43' title='bbox 595 823 771 865; x_wconf 84' lang='lat' dir='ltr'><strong>physicam</strong></span> <span class='ocrx_word' id='word_1_44' title='bbox 793 824 988 866; x_wconf 83' lang='lat' dir='ltr'><strong>Epicureae</strong></span> <span class='ocrx_word' id='word_1_45' title='bbox 1011 822 1251 867; x_wconf 84' lang='lat' dir='ltr'><strong>philosophiae</strong></span> <span class='ocrx_word' id='word_1_46' title='bbox 1273 826 1407 866; x_wconf 84' lang='lat' dir='ltr'><strong>partem</strong></span> <span class='ocrx_word' id='word_1_47' title='bbox 1430 826 1466 856; x_wconf 87' lang='lat' dir='ltr'><strong>et</strong></span> <span class='ocrx_word' id='word_1_48' title='bbox 1481 833 1599 856; x_wconf 90' lang='lat' dir='ltr'><strong>omnes</strong></span> 
     </span>
     <span class='ocr_line' id='line_1_7' title="bbox 211 873 1596 917; baseline 0 -11"><span class='ocrx_word' id='word_1_49' title='bbox 211 874 352 907; x_wconf 85' lang='lat' dir='ltr'><strong>aliorum</strong></span> <span class='ocrx_word' id='word_1_50' title='bbox 368 873 650 917; x_wconf 88' lang='lat' dir='ltr'><strong>philosophorum</strong></span> <span class='ocrx_word' id='word_1_51' title='bbox 672 874 865 907; x_wconf 84' lang='lat' dir='ltr'><strong>sententias</strong></span> <span class='ocrx_word' id='word_1_52' title='bbox 882 874 1119 917; x_wconf 86' lang='lat' dir='ltr'><strong>vocabulaque</strong></span> <span class='ocrx_word' id='word_1_53' title='bbox 1135 875 1295 907; x_wconf 82' lang='lat' dir='ltr'><strong>technica</strong></span> <span class='ocrx_word' id='word_1_54' title='bbox 1309 874 1487 913; x_wconf 80' lang='lat' dir='ltr'><strong>tractabit,</strong></span> <span class='ocrx_word' id='word_1_55' title='bbox 1509 883 1596 916; x_wconf 87' lang='lat' dir='ltr'><strong>quae</strong></span> 
     </span>
     <span class='ocr_line' id='line_1_8' title="bbox 211 924 1598 968; baseline 0.001 -11"><span class='ocrx_word' id='word_1_56' title='bbox 211 926 245 957; x_wconf 89' lang='lat' dir='ltr'><strong>in</strong></span> <span class='ocrx_word' id='word_1_57' title='bbox 270 925 424 957; x_wconf 90' lang='lat' dir='ltr'><strong>Lucretii</strong></span> <span class='ocrx_word' id='word_1_58' title='bbox 447 924 489 956; x_wconf 91' lang='lat' dir='ltr'><strong>de</strong></span> <span class='ocrx_word' id='word_1_59' title='bbox 512 935 623 957; x_wconf 88' lang='lat' dir='ltr'><strong>rerum</strong></span> <span class='ocrx_word' id='word_1_60' title='bbox 642 927 765 957; x_wconf 82' lang='lat' dir='ltr'><strong>natura</strong></span> <span class='ocrx_word' id='word_1_61' title='bbox 778 926 928 958; x_wconf 86' lang='lat' dir='ltr'><strong>carmine</strong></span> <span class='ocrx_word' id='word_1_62' title='bbox 946 926 1046 957; x_wconf 88' lang='lat' dir='ltr'><strong>nobis</strong></span> <span class='ocrx_word' id='word_1_63' title='bbox 1064 929 1257 959; x_wconf 89' lang='lat' dir='ltr'><strong>occurrunt.</strong></span> <span class='ocrx_word' id='word_1_64' title='bbox 1301 927 1426 967; x_wconf 85' lang='lat' dir='ltr'><strong>Itaque</strong></span> <span class='ocrx_word' id='word_1_65' title='bbox 1440 927 1507 959; x_wconf 90' lang='lat' dir='ltr'><strong>hoc</strong></span> <span class='ocrx_word' id='word_1_66' title='bbox 1520 935 1598 968; x_wconf 87' lang='lat' dir='ltr'><strong>pro-</strong></span> 
     </span>
     <span class='ocr_line' id='line_1_9' title="bbox 211 976 648 1021; baseline -0.005 -12"><span class='ocrx_word' id='word_1_67' title='bbox 211 976 369 1021; x_wconf 88' lang='lat' dir='ltr'><strong>ponimus</strong></span> <span class='ocrx_word' id='word_1_68' title='bbox 392 977 648 1017; x_wconf 84' lang='lat' dir='ltr'><strong>argumentum:</strong></span> 
     </span>
    </p>
   </div>
   <div class='ocr_carea' id='block_1_2' title="bbox 211 1043 1616 2606">
    <p class='ocr_par' dir='ltr' id='par_1_2' title="bbox 211 1043 1616 2606">
     <span class='ocr_line' id='line_1_10' title="bbox 1519 1043 1600 1076; baseline 0 0"><span class='ocrx_word' id='word_1_69' title='bbox 1519 1043 1600 1076; x_wconf 63' lang='lat' dir='ltr'><strong>pag·</strong></span> 
     </span>
     <span class='ocr_line' id='line_1_11' title="bbox 211 1085 1517 1123; baseline 0.001 -7"><span class='ocrx_word' id='word_1_70' title='bbox 211 1086 459 1116; x_wconf 74' lang='lat' dir='ltr'><strong>Particula</strong></span> <span class='ocrx_word' id='word_1_71' title='bbox 481 1086 526 1115; x_wconf 71' lang='lat'><strong>12</strong></span> <span class='ocrx_word' id='word_1_72' title='bbox 550 1086 624 1115; x_wconf 75' lang='lat' dir='ltr'><strong>De</strong></span> <span class='ocrx_word' id='word_1_73' title='bbox 646 1085 948 1122; x_wconf 76' lang='lat' dir='ltr'><strong>philosophia</strong></span> <span class='ocrx_word' id='word_1_74' title='bbox 971 1086 1208 1123; x_wconf 75' lang='lat' dir='ltr'><strong>Epicurea</strong></span> <span class='ocrx_word' id='word_1_75' title='bbox 1239 1089 1286 1116; x_wconf 76' lang='lat' dir='ltr'><strong>et</strong></span> <span class='ocrx_word' id='word_1_76' title='bbox 1315 1088 1517 1117; x_wconf 74' lang='lat' dir='ltr'><strong>maximo</strong></span> 
     </span>
     <span class='ocr_line' id='line_1_12' title="bbox 292 1135 1602 1168; baseline 0.002 -2"><span class='ocrx_word' id='word_1_77' title='bbox 292 1136 531 1166; x_wconf 74' lang='lat' dir='ltr'><strong>vocabulis</strong></span> <span class='ocrx_word' id='word_1_78' title='bbox 553 1136 778 1165; x_wconf 75' lang='lat' dir='ltr'><strong>technicis</strong></span> <span class='ocrx_word' id='word_1_79' title='bbox 841 1157 1468 1168; x_wconf 89' lang='grc'><strong>.............</strong></span> <span class='ocrx_word' id='word_1_80' title='bbox 1505 1135 1602 1168; x_wconf 82' lang='lat'><strong>1-23</strong></span> 
     </span>
     <span class='ocr_line' id='line_1_13' title="bbox 336 1185 1468 1224; baseline 0 -7"><span class='ocrx_word' id='word_1_81' title='bbox 336 1185 630 1223; x_wconf 71' lang='lat' dir='ltr'><strong>A0D0Physicis</strong></span> <span class='ocrx_word' id='word_1_82' title='bbox 688 1207 695 1216; x_wconf 91' lang='lat'><strong><em>.</em></strong></span> <span class='ocrx_word' id='word_1_83' title='bbox 740 1207 748 1215; x_wconf 89' lang='lat'><strong><em>.</em></strong></span> <span class='ocrx_word' id='word_1_84' title='bbox 792 1208 798 1215; x_wconf 93' lang='lat'>.</span> <span class='ocrx_word' id='word_1_85' title='bbox 844 1208 851 1215; x_wconf 94' lang='lat'>.</span> <span class='ocrx_word' id='word_1_86' title='bbox 896 1208 902 1215; x_wconf 91' lang='lat'><em>.</em></span> <span class='ocrx_word' id='word_1_87' title='bbox 946 1209 954 1216; x_wconf 90' lang='lat'><strong>.</strong></span> <span class='ocrx_word' id='word_1_88' title='bbox 998 1209 1008 1224; x_wconf 38' lang='grc' dir='ltr'>ξ</span> <span class='ocrx_word' id='word_1_89' title='bbox 1049 1209 1468 1219; x_wconf 87' lang='grc'><strong>.........</strong></span> 
     </span>
     <span class='ocr_line' id='line_1_14' title="bbox 403 1234 1602 1276; baseline 0.003 -10"><span class='ocrx_word' id='word_1_90' title='bbox 403 1236 429 1266; x_wconf 89' lang='grc'><strong>1.</strong></span> <span class='ocrx_word' id='word_1_91' title='bbox 452 1234 494 1267; x_wconf 91' lang='lat' dir='ltr'><strong>de</strong></span> <span class='ocrx_word' id='word_1_92' title='bbox 516 1234 667 1266; x_wconf 88' lang='lat' dir='ltr'><strong>universi</strong></span> <span class='ocrx_word' id='word_1_93' title='bbox 690 1235 812 1266; x_wconf 86' lang='lat' dir='ltr'><strong>natura</strong></span> <span class='ocrx_word' id='word_1_94' title='bbox 834 1234 1000 1276; x_wconf 86' lang='lat' dir='ltr'><strong>quaedam</strong></span> <span class='ocrx_word' id='word_1_95' title='bbox 1024 1235 1200 1275; x_wconf 85' lang='lat' dir='ltr'><strong>generalia</strong></span> <span class='ocrx_word' id='word_1_96' title='bbox 1257 1260 1467 1269; x_wconf 91' lang='grc'><strong>.....</strong></span> <span class='ocrx_word' id='word_1_97' title='bbox 1523 1237 1602 1268; x_wconf 83' lang='grc'><strong>1-2</strong></span> 
     </span>
     <span class='ocr_line' id='line_1_15' title="bbox 394 1284 1599 1327; baseline 0.002 -10"><span class='ocrx_word' id='word_1_98' title='bbox 394 1286 424 1319; x_wconf 81' lang='lat'><strong>2.</strong></span> <span class='ocrx_word' id='word_1_99' title='bbox 448 1285 491 1316; x_wconf 90' lang='lat' dir='ltr'><strong>de</strong></span> <span class='ocrx_word' id='word_1_100' title='bbox 513 1284 665 1316; x_wconf 85' lang='lat' dir='ltr'><strong>universi</strong></span> <span class='ocrx_word' id='word_1_101' title='bbox 691 1286 813 1316; x_wconf 82' lang='lat' dir='ltr'><strong>natura</strong></span> <span class='ocrx_word' id='word_1_102' title='bbox 835 1284 1001 1327; x_wconf 85' lang='lat' dir='ltr'><strong>quaedam</strong></span> <span class='ocrx_word' id='word_1_103' title='bbox 1024 1286 1192 1327; x_wconf 84' lang='lat' dir='ltr'><strong>specialia</strong></span> <span class='ocrx_word' id='word_1_104' title='bbox 1208 1311 1469 1319; x_wconf 83' lang='lat'><strong>......</strong></span> <span class='ocrx_word' id='word_1_105' title='bbox 1501 1287 1599 1319; x_wconf 83' lang='lat'>2—11</span> 
     </span>
     <span class='ocr_line' id='line_1_16' title="bbox 458 1335 1602 1371; baseline 0.004 -5"><span class='ocrx_word' id='word_1_106' title='bbox 458 1346 490 1368; x_wconf 84' lang='lat' dir='ltr'><strong>a.</strong></span> <span class='ocrx_word' id='word_1_107' title='bbox 513 1335 554 1366; x_wconf 90' lang='lat' dir='ltr'><strong>de</strong></span> <span class='ocrx_word' id='word_1_108' title='bbox 576 1335 670 1370; x_wconf 82' lang='lat' dir='ltr'><strong>inani</strong></span> <span class='ocrx_word' id='word_1_109' title='bbox 693 1358 1517 1371; x_wconf 88' lang='grc'><strong>.................</strong></span> <span class='ocrx_word' id='word_1_110' title='bbox 1581 1339 1602 1371; x_wconf 83' lang='grc'>2</span> 
     </span>
     <span class='ocr_line' id='line_1_17' title="bbox 457 1386 1601 1427; baseline 0.004 -10"><span class='ocrx_word' id='word_1_111' title='bbox 457 1386 490 1418; x_wconf 89' lang='lat' dir='ltr'><strong>b.</strong></span> <span class='ocrx_word' id='word_1_112' title='bbox 514 1387 555 1417; x_wconf 90' lang='lat' dir='ltr'><strong>de</strong></span> <span class='ocrx_word' id='word_1_113' title='bbox 579 1386 785 1427; x_wconf 86' lang='lat' dir='ltr'><strong>corporibus</strong></span> <span class='ocrx_word' id='word_1_114' title='bbox 804 1409 1517 1422; x_wconf 85' lang='grc'><strong>...............</strong></span> <span class='ocrx_word' id='word_1_115' title='bbox 1580 1390 1601 1421; x_wconf 84' lang='grc'><strong>3</strong></span> 
     </span>
     <span class='ocr_line' id='line_1_18' title="bbox 456 1435 1601 1471; baseline 0.004 -5"><span class='ocrx_word' id='word_1_116' title='bbox 456 1444 485 1466; x_wconf 89' lang='lat' dir='ltr'><strong>c.</strong></span> <span class='ocrx_word' id='word_1_117' title='bbox 514 1436 556 1467; x_wconf 90' lang='lat' dir='ltr'><strong>de</strong></span> <span class='ocrx_word' id='word_1_118' title='bbox 580 1435 770 1467; x_wconf 88' lang='lat' dir='ltr'><strong>infinitione</strong></span> <span class='ocrx_word' id='word_1_119' title='bbox 795 1459 1517 1471; x_wconf 76' lang='lat'>...............</span> <span class='ocrx_word' id='word_1_120' title='bbox 1580 1438 1601 1471; x_wconf 79' lang='lat'><strong>3</strong></span> 
     </span>
     <span class='ocr_line' id='line_1_19' title="bbox 461 1486 1602 1530; baseline 0.003 -11"><span class='ocrx_word' id='word_1_121' title='bbox 461 1488 480 1519; x_wconf 89' lang='lat' dir='ltr'><strong>d</strong></span> <span class='ocrx_word' id='word_1_122' title='bbox 515 1487 556 1519; x_wconf 88' lang='lat' dir='ltr'><strong>de</strong></span> <span class='ocrx_word' id='word_1_123' title='bbox 579 1487 657 1526; x_wconf 87' lang='lat' dir='ltr'><strong>imo,</strong></span> <span class='ocrx_word' id='word_1_124' title='bbox 682 1487 773 1530; x_wconf 90' lang='lat' dir='ltr'><strong>quod</strong></span> <span class='ocrx_word' id='word_1_125' title='bbox 795 1486 929 1526; x_wconf 87' lang='lat' dir='ltr'><strong>dicitur,</strong></span> <span class='ocrx_word' id='word_1_126' title='bbox 953 1489 988 1519; x_wconf 90' lang='lat' dir='ltr'><strong>et</strong></span> <span class='ocrx_word' id='word_1_127' title='bbox 1010 1497 1139 1519; x_wconf 87' lang='lat' dir='ltr'><strong>summo</strong></span> <span class='ocrx_word' id='word_1_128' title='bbox 1164 1490 1200 1520; x_wconf 89' lang='lat' dir='ltr'><strong>et</strong></span> <span class='ocrx_word' id='word_1_129' title='bbox 1221 1488 1332 1521; x_wconf 87' lang='lat' dir='ltr'><strong>medio</strong></span> <span class='ocrx_word' id='word_1_130' title='bbox 1356 1514 1362 1521; x_wconf 93' lang='lat'><strong>.</strong></span> <span class='ocrx_word' id='word_1_131' title='bbox 1409 1516 1414 1523; x_wconf 89' lang='lat'><strong>.</strong></span> <span class='ocrx_word' id='word_1_132' title='bbox 1460 1515 1467 1521; x_wconf 90' lang='lat'>.</span> <span class='ocrx_word' id='word_1_133' title='bbox 1509 1515 1516 1521; x_wconf 94' lang='lat'>.</span> <span class='ocrx_word' id='word_1_134' title='bbox 1582 1490 1602 1522; x_wconf 84' lang='lat'><strong>4</strong></span> 
     </span>
     <span class='ocr_line' id='line_1_20' title="bbox 461 1537 1605 1580; baseline 0.004 -12"><span class='ocrx_word' id='word_1_135' title='bbox 461 1547 489 1569; x_wconf 86' lang='lat' dir='ltr'><strong>e.</strong></span> <span class='ocrx_word' id='word_1_136' title='bbox 512 1537 554 1569; x_wconf 86' lang='lat' dir='ltr'><strong>de</strong></span> <span class='ocrx_word' id='word_1_137' title='bbox 576 1538 770 1578; x_wconf 88' lang='lat' dir='ltr'><strong>conjunctis</strong></span> <span class='ocrx_word' id='word_1_138' title='bbox 793 1540 898 1580; x_wconf 83' lang='lat' dir='ltr'><strong>atque</strong></span> <span class='ocrx_word' id='word_1_139' title='bbox 923 1538 1059 1569; x_wconf 85' lang='lat' dir='ltr'><strong>eventis</strong></span> <span class='ocrx_word' id='word_1_140' title='bbox 1101 1562 1520 1573; x_wconf 91' lang='grc'><em>.........</em></span> <span class='ocrx_word' id='word_1_141' title='bbox 1584 1541 1605 1573; x_wconf 86' lang='grc'><strong>5</strong></span> 
     </span>
     <span class='ocr_line' id='line_1_21' title="bbox 460 1588 1605 1632; baseline 0.005 -13"><span class='ocrx_word' id='word_1_142' title='bbox 460 1588 482 1619; x_wconf 85' lang='lat' dir='ltr'><strong>f.</strong></span> <span class='ocrx_word' id='word_1_143' title='bbox 517 1588 558 1620; x_wconf 90' lang='lat' dir='ltr'><strong>de</strong></span> <span class='ocrx_word' id='word_1_144' title='bbox 582 1589 784 1631; x_wconf 84' lang='lat' dir='ltr'><strong>corporibus</strong></span> <span class='ocrx_word' id='word_1_145' title='bbox 807 1589 1011 1632; x_wconf 86' lang='lat' dir='ltr'><strong>compositis</strong></span> <span class='ocrx_word' id='word_1_146' title='bbox 1054 1613 1522 1624; x_wconf 86' lang='grc'><strong>..........</strong></span> <span class='ocrx_word' id='word_1_147' title='bbox 1584 1593 1605 1624; x_wconf 86' lang='grc'><strong>5</strong></span> 
     </span>
     <span class='ocr_line' id='line_1_22' title="bbox 458 1639 1602 1680; baseline 0.003 -8"><span class='ocrx_word' id='word_1_148' title='bbox 458 1649 489 1680; x_wconf 90' lang='lat' dir='ltr'><strong>g.</strong></span> <span class='ocrx_word' id='word_1_149' title='bbox 514 1639 555 1671; x_wconf 91' lang='lat' dir='ltr'><strong>de</strong></span> <span class='ocrx_word' id='word_1_150' title='bbox 577 1640 701 1673; x_wconf 86' lang='lat' dir='ltr'><strong>atomis</strong></span> <span class='ocrx_word' id='word_1_151' title='bbox 742 1664 1464 1677; x_wconf 85' lang='grc'><strong>...............</strong></span> <span class='ocrx_word' id='word_1_152' title='bbox 1519 1643 1602 1675; x_wconf 80' lang='grc'><strong>5-’1</strong></span> 
     </span>
     <span class='ocr_line' id='line_1_23' title="bbox 456 1690 1605 1733; baseline 0.003 -12"><span class='ocrx_word' id='word_1_153' title='bbox 456 1691 486 1721; x_wconf 92' lang='lat' dir='ltr'><strong>h.</strong></span> <span class='ocrx_word' id='word_1_154' title='bbox 512 1690 554 1721; x_wconf 91' lang='lat' dir='ltr'><strong>de</strong></span> <span class='ocrx_word' id='word_1_155' title='bbox 577 1692 766 1723; x_wconf 86' lang='lat' dir='ltr'><strong>atomorum</strong></span> <span class='ocrx_word' id='word_1_156' title='bbox 789 1691 917 1733; x_wconf 89' lang='lat' dir='ltr'><strong>triplici</strong></span> <span class='ocrx_word' id='word_1_157' title='bbox 940 1690 1107 1732; x_wconf 82' lang='lat' dir='ltr'><strong>qualitate</strong></span> <span class='ocrx_word' id='word_1_158' title='bbox 1154 1715 1468 1725; x_wconf 80' lang='grc'><strong>.......</strong></span> <span class='ocrx_word' id='word_1_159' title='bbox 1503 1693 1605 1725; x_wconf 80' lang='lat'>7-10</span> 
     </span>
     <span class='ocr_line' id='line_1_24' title="bbox 455 1740 1597 1777; baseline 0.004 -5"><span class='ocrx_word' id='word_1_160' title='bbox 455 1740 476 1771; x_wconf 92' lang='lat' dir='ltr'><strong>i.</strong></span> <span class='ocrx_word' id='word_1_161' title='bbox 508 1740 549 1773; x_wconf 91' lang='lat' dir='ltr'><strong>de</strong></span> <span class='ocrx_word' id='word_1_162' title='bbox 572 1741 704 1773; x_wconf 88' lang='lat' dir='ltr'><strong>infinito</strong></span> <span class='ocrx_word' id='word_1_163' title='bbox 729 1743 920 1773; x_wconf 85' lang='lat' dir='ltr'><strong>atomorum</strong></span> <span class='ocrx_word' id='word_1_164' title='bbox 948 1750 1088 1773; x_wconf 88' lang='lat' dir='ltr'><strong>numero</strong></span> <span class='ocrx_word' id='word_1_165' title='bbox 1143 1766 1150 1774; x_wconf 83' lang='lat'><em>.</em></span> <span class='ocrx_word' id='word_1_166' title='bbox 1199 1766 1519 1775; x_wconf 91' lang='grc'><strong>.......</strong></span> <span class='ocrx_word' id='word_1_167' title='bbox 1564 1745 1597 1777; x_wconf 87' lang='grc' dir='ltr'><strong>ΙΙ</strong></span> 
     </span>
     <span class='ocr_line' id='line_1_25' title="bbox 393 1791 1604 1834; baseline 0.004 -11"><span class='ocrx_word' id='word_1_168' title='bbox 393 1791 422 1823; x_wconf 88' lang='lat'><strong>3.</strong></span> <span class='ocrx_word' id='word_1_169' title='bbox 445 1792 497 1823; x_wconf 88' lang='lat' dir='ltr'><strong>De</strong></span> <span class='ocrx_word' id='word_1_170' title='bbox 511 1792 707 1824; x_wconf 86' lang='lat' dir='ltr'><strong>mundorum</strong></span> <span class='ocrx_word' id='word_1_171' title='bbox 721 1793 980 1825; x_wconf 89' lang='lat' dir='ltr'><strong>constructione</strong></span> <span class='ocrx_word' id='word_1_172' title='bbox 993 1794 1029 1825; x_wconf 89' lang='lat' dir='ltr'><strong>et</strong></span> <span class='ocrx_word' id='word_1_173' title='bbox 1040 1791 1243 1834; x_wconf 85' lang='lat' dir='ltr'><strong>quibusdam</strong></span> <span class='ocrx_word' id='word_1_174' title='bbox 1261 1792 1337 1825; x_wconf 82' lang='lat' dir='ltr'><strong>aliis</strong></span> <span class='ocrx_word' id='word_1_175' title='bbox 1357 1794 1459 1826; x_wconf 91' lang='lat' dir='ltr'><strong>rebus</strong></span> <span class='ocrx_word' id='word_1_176' title='bbox 1482 1795 1604 1828; x_wconf 87' lang='lat'>11—18</span> 
     </span>
     <span class='ocr_line' id='line_1_26' title="bbox 457 1843 1600 1878; baseline 0.004 -5"><span class='ocrx_word' id='word_1_177' title='bbox 457 1852 487 1874; x_wconf 73' lang='lat' dir='ltr'><strong>a,</strong></span> <span class='ocrx_word' id='word_1_178' title='bbox 511 1843 552 1875; x_wconf 88' lang='lat' dir='ltr'><strong>de</strong></span> <span class='ocrx_word' id='word_1_179' title='bbox 575 1843 726 1875; x_wconf 88' lang='lat' dir='ltr'><strong>motibus</strong></span> <span class='ocrx_word' id='word_1_180' title='bbox 750 1845 938 1875; x_wconf 84' lang='lat' dir='ltr'><strong>atomorum</strong></span> <span class='ocrx_word' id='word_1_181' title='bbox 1002 1866 1426 1877; x_wconf 80' lang='grc'><strong>.........</strong></span> <span class='ocrx_word' id='word_1_182' title='bbox 1481 1846 1600 1878; x_wconf 83' lang='grc'><strong>11-13</strong></span> 
     </span>
     <span class='ocr_line' id='line_1_27' title="bbox 577 1894 787 1937; baseline 0.014 -14"><span class='ocrx_word' id='word_1_183' title='bbox 577 1899 611 1923; x_wconf 88' lang='grc' dir='ltr'><strong>α.</strong></span> <span class='ocrx_word' id='word_1_184' title='bbox 635 1894 787 1937; x_wconf 88' lang='lat' dir='ltr'><strong>pondere</strong></span> 
     </span>
     <span class='ocr_line' id='line_1_28' title="bbox 580 1937 719 1988; baseline 0.014 -12"><span class='ocrx_word' id='word_1_185' title='bbox 580 1937 612 1988; x_wconf 84' lang='grc' dir='ltr'><strong>β.</strong></span> <span class='ocrx_word' id='word_1_186' title='bbox 645 1947 719 1978; x_wconf 85' lang='lat' dir='ltr'><strong>ictu</strong></span> 
     </span>
     <span class='ocr_line' id='line_1_29' title="bbox 576 1996 1020 2038; baseline 0.002 -10"><span class='ocrx_word' id='word_1_187' title='bbox 576 2002 609 2038; x_wconf 84' lang='grc' dir='ltr'><strong>γ.</strong></span> <span class='ocrx_word' id='word_1_188' title='bbox 632 1996 863 2030; x_wconf 87' lang='lat' dir='ltr'><strong>declinatione</strong></span> <span class='ocrx_word' id='word_1_189' title='bbox 887 1996 1020 2030; x_wconf 86' lang='lat' dir='ltr'><strong>effectis</strong></span> 
     </span>
     <span class='ocr_line' id='line_1_30' title="bbox 454 2047 1602 2084; baseline 0.003 -4"><span class='ocrx_word' id='word_1_190' title='bbox 454 2048 485 2081; x_wconf 92' lang='lat' dir='ltr'><strong>b.</strong></span> <span class='ocrx_word' id='word_1_191' title='bbox 508 2047 550 2081; x_wconf 89' lang='lat' dir='ltr'><strong>de</strong></span> <span class='ocrx_word' id='word_1_192' title='bbox 572 2048 705 2081; x_wconf 85' lang='lat' dir='ltr'><strong>mundis</strong></span> <span class='ocrx_word' id='word_1_193' title='bbox 734 2049 811 2081; x_wconf 88' lang='lat' dir='ltr'><strong>huic</strong></span> <span class='ocrx_word' id='word_1_194' title='bbox 834 2051 953 2082; x_wconf 83' lang='lat' dir='ltr'><strong>nostro</strong></span> <span class='ocrx_word' id='word_1_195' title='bbox 976 2047 1143 2083; x_wconf 87' lang='lat' dir='ltr'><strong>similibus</strong></span> <span class='ocrx_word' id='word_1_196' title='bbox 1208 2075 1519 2083; x_wconf 91' lang='grc'><strong>.......</strong></span> <span class='ocrx_word' id='word_1_197' title='bbox 1563 2051 1602 2084; x_wconf 85' lang='grc'><strong>13</strong></span> 
     </span>
     <span class='ocr_line' id='line_1_31' title="bbox 457 2099 1601 2142; baseline 0.004 -11"><span class='ocrx_word' id='word_1_198' title='bbox 457 2109 484 2132; x_wconf 92' lang='lat' dir='ltr'><strong>c.</strong></span> <span class='ocrx_word' id='word_1_199' title='bbox 509 2099 550 2132; x_wconf 88' lang='lat' dir='ltr'><strong>de</strong></span> <span class='ocrx_word' id='word_1_200' title='bbox 575 2100 666 2133; x_wconf 74' lang='lat' dir='ltr'><strong>aeris</strong></span> <span class='ocrx_word' id='word_1_201' title='bbox 689 2101 874 2142; x_wconf 87' lang='lat' dir='ltr'><strong>generibus</strong></span> <span class='ocrx_word' id='word_1_202' title='bbox 904 2126 1517 2136; x_wconf 89' lang='grc'><em>.............</em></span> <span class='ocrx_word' id='word_1_203' title='bbox 1563 2103 1601 2136; x_wconf 79' lang='lat'><strong>18</strong></span> 
     </span>
     <span class='ocr_line' id='line_1_32' title="bbox 457 2142 1600 2198; baseline 0.003 -15"><span class='ocrx_word' id='word_1_204' title='bbox 457 2149 487 2183; x_wconf 90' lang='lat' dir='ltr'><strong>d.</strong></span> <span class='ocrx_word' id='word_1_205' title='bbox 511 2148 552 2183; x_wconf 87' lang='lat' dir='ltr'><strong>de</strong></span> <span class='ocrx_word' id='word_1_206' title='bbox 596 2142 817 2194; x_wconf 81' lang='grc' dir='ltr'>φαινομένοις</span> <span class='ocrx_word' id='word_1_207' title='bbox 844 2154 880 2185; x_wconf 82' lang='lat' dir='ltr'><strong>et</strong></span> <span class='ocrx_word' id='word_1_208' title='bbox 910 2144 1170 2198; x_wconf 83' lang='grc' dir='ltr'>θεωρουμένοις</span> <span class='ocrx_word' id='word_1_209' title='bbox 1204 2179 1461 2187; x_wconf 94' lang='grc'>......</span> <span class='ocrx_word' id='word_1_210' title='bbox 1479 2155 1600 2188; x_wconf 83' lang='lat'><strong>13-14</strong></span> 
     </span>
     <span class='ocr_line' id='line_1_33' title="bbox 456 2199 1600 2245; baseline 0.004 -12"><span class='ocrx_word' id='word_1_211' title='bbox 456 2212 484 2234; x_wconf 89' lang='lat' dir='ltr'><strong>e.</strong></span> <span class='ocrx_word' id='word_1_212' title='bbox 507 2199 548 2234; x_wconf 88' lang='lat' dir='ltr'><strong>de</strong></span> <span class='ocrx_word' id='word_1_213' title='bbox 571 2204 726 2245; x_wconf 88' lang='lat' dir='ltr'><strong>tempore</strong></span> <span class='ocrx_word' id='word_1_214' title='bbox 749 2230 1514 2238; x_wconf 90' lang='grc'><strong>................</strong></span> <span class='ocrx_word' id='word_1_215' title='bbox 1561 2207 1600 2239; x_wconf 82' lang='lat'><strong>14</strong></span> 
     </span>
     <span class='ocr_line' id='line_1_34' title="bbox 454 2252 1600 2300; baseline 0.003 -16"><span class='ocrx_word' id='word_1_216' title='bbox 454 2253 476 2284; x_wconf 86' lang='lat' dir='ltr'><strong>f.</strong></span> <span class='ocrx_word' id='word_1_217' title='bbox 507 2252 549 2285; x_wconf 89' lang='lat' dir='ltr'><strong>de</strong></span> <span class='ocrx_word' id='word_1_218' title='bbox 572 2262 682 2284; x_wconf 89' lang='lat' dir='ltr'><strong>rerum</strong></span> <span class='ocrx_word' id='word_1_219' title='bbox 704 2254 929 2294; x_wconf 86' lang='lat' dir='ltr'><strong>generatione</strong></span> <span class='ocrx_word' id='word_1_220' title='bbox 952 2258 988 2289; x_wconf 88' lang='lat' dir='ltr'><strong>et</strong></span> <span class='ocrx_word' id='word_1_221' title='bbox 1009 2257 1232 2300; x_wconf 89' lang='lat' dir='ltr'><strong>corruptione</strong></span> <span class='ocrx_word' id='word_1_222' title='bbox 1256 2281 1515 2288; x_wconf 83' lang='lat'>......</span> <span class='ocrx_word' id='word_1_223' title='bbox 1561 2257 1600 2289; x_wconf 83' lang='lat'><strong>14</strong></span> 
     </span>
     <span class='ocr_line' id='line_1_35' title="bbox 454 2303 1598 2346; baseline 0.003 -10"><span class='ocrx_word' id='word_1_224' title='bbox 454 2314 489 2346; x_wconf 85' lang='lat' dir='ltr'><strong>g.</strong></span> <span class='ocrx_word' id='word_1_225' title='bbox 509 2304 551 2337; x_wconf 91' lang='lat' dir='ltr'><strong>de</strong></span> <span class='ocrx_word' id='word_1_226' title='bbox 573 2306 695 2337; x_wconf 83' lang='lat' dir='ltr'><strong>natura</strong></span> <span class='ocrx_word' id='word_1_227' title='bbox 710 2303 850 2338; x_wconf 87' lang='lat' dir='ltr'><strong>deorum</strong></span> <span class='ocrx_word' id='word_1_228' title='bbox 893 2332 1514 2342; x_wconf 90' lang='grc'><strong>.............</strong></span> <span class='ocrx_word' id='word_1_229' title='bbox 1560 2308 1598 2341; x_wconf 83' lang='grc'><strong>15</strong></span> 
     </span>
     <span class='ocr_line' id='line_1_36' title="bbox 454 2351 1596 2393; baseline 0.003 -4"><span class='ocrx_word' id='word_1_230' title='bbox 454 2357 485 2389; x_wconf 91' lang='lat' dir='ltr'><strong>h.</strong></span> <span class='ocrx_word' id='word_1_231' title='bbox 508 2351 550 2388; x_wconf 87' lang='lat' dir='ltr'><strong>de</strong></span> <span class='ocrx_word' id='word_1_232' title='bbox 572 2354 810 2389; x_wconf 84' lang='lat' dir='ltr'><strong>intermundiis</strong></span> <span class='ocrx_word' id='word_1_233' title='bbox 845 2383 1513 2392; x_wconf 88' lang='grc'><strong><em>..............</em></strong></span> <span class='ocrx_word' id='word_1_234' title='bbox 1558 2360 1596 2393; x_wconf 79' lang='grc'><strong>16</strong></span> 
     </span>
     <span class='ocr_line' id='line_1_37' title="bbox 448 2406 1599 2443; baseline 0.004 -5"><span class='ocrx_word' id='word_1_235' title='bbox 448 2408 474 2439; x_wconf 72' lang='lat' dir='ltr'><strong>i.</strong></span> <span class='ocrx_word' id='word_1_236' title='bbox 508 2407 551 2438; x_wconf 88' lang='lat' dir='ltr'><strong>de</strong></span> <span class='ocrx_word' id='word_1_237' title='bbox 574 2406 767 2439; x_wconf 86' lang='lat' dir='ltr'><strong>simulacris</strong></span> <span class='ocrx_word' id='word_1_238' title='bbox 795 2430 1260 2442; x_wconf 87' lang='grc'><strong>..........</strong></span> <span class='ocrx_word' id='word_1_239' title='bbox 1281 2411 1283 2415; x_wconf 82' lang='grc'>’</span> <span class='ocrx_word' id='word_1_240' title='bbox 1305 2434 1310 2440; x_wconf 92' lang='grc'>.</span> <span class='ocrx_word' id='word_1_241' title='bbox 1355 2436 1360 2441; x_wconf 96' lang='grc'><em>.</em></span> <span class='ocrx_word' id='word_1_242' title='bbox 1404 2435 1410 2441; x_wconf 95' lang='grc'><strong><em>.</em></strong></span> <span class='ocrx_word' id='word_1_243' title='bbox 1455 2435 1462 2442; x_wconf 90' lang='grc'><strong>.</strong></span> <span class='ocrx_word' id='word_1_244' title='bbox 1477 2410 1599 2443; x_wconf 81' lang='grc'>17-18</span> 
     </span>
     <span class='ocr_line' id='line_1_38' title="bbox 393 2458 1597 2496; baseline 0.003 -6"><span class='ocrx_word' id='word_1_245' title='bbox 393 2458 421 2491; x_wconf 86' lang='lat'><strong>4.</strong></span> <span class='ocrx_word' id='word_1_246' title='bbox 443 2458 495 2490; x_wconf 90' lang='lat' dir='ltr'><strong>De</strong></span> <span class='ocrx_word' id='word_1_247' title='bbox 517 2458 662 2491; x_wconf 84' lang='lat' dir='ltr'><strong>hominis</strong></span> <span class='ocrx_word' id='word_1_248' title='bbox 687 2459 810 2491; x_wconf 85' lang='lat' dir='ltr'><strong>natura</strong></span> <span class='ocrx_word' id='word_1_249' title='bbox 847 2485 1460 2494; x_wconf 92' lang='grc'>.............</span> <span class='ocrx_word' id='word_1_250' title='bbox 1476 2461 1597 2496; x_wconf 82' lang='grc'><strong>18-23</strong></span> 
     </span>
     <span class='ocr_line' id='line_1_39' title="bbox 456 2509 1616 2555; baseline 0.003 -13"><span class='ocrx_word' id='word_1_251' title='bbox 456 2520 486 2542; x_wconf 90' lang='lat' dir='ltr'><strong>a.</strong></span> <span class='ocrx_word' id='word_1_252' title='bbox 509 2509 550 2542; x_wconf 91' lang='lat' dir='ltr'><strong>de</strong></span> <span class='ocrx_word' id='word_1_253' title='bbox 573 2510 685 2543; x_wconf 87' lang='lat' dir='ltr'><strong>animo</strong></span> <span class='ocrx_word' id='word_1_254' title='bbox 709 2512 745 2543; x_wconf 90' lang='lat' dir='ltr'><strong>et</strong></span> <span class='ocrx_word' id='word_1_255' title='bbox 756 2511 878 2555; x_wconf 39' lang='lat' dir='ltr'><strong>„anima</strong></span> <span class='ocrx_word' id='word_1_256' title='bbox 901 2537 1464 2546; x_wconf 87' lang='grc'><strong>............</strong></span> <span class='ocrx_word' id='word_1_257' title='bbox 1479 2513 1616 2549; x_wconf 74' lang='lat'>18-20,</span> 
     </span>
     <span class='ocr_line' id='line_1_40' title="bbox 457 2560 1594 2606; baseline 0.001 -14"><span class='ocrx_word' id='word_1_258' title='bbox 457 2561 490 2592; x_wconf 91' lang='lat' dir='ltr'><strong>b.</strong></span> <span class='ocrx_word' id='word_1_259' title='bbox 514 2560 556 2593; x_wconf 89' lang='lat' dir='ltr'><strong>de</strong></span> <span class='ocrx_word' id='word_1_260' title='bbox 579 2561 711 2594; x_wconf 86' lang='lat' dir='ltr'><strong>animae</strong></span> <span class='ocrx_word' id='word_1_261' title='bbox 734 2561 949 2606; x_wconf 87' lang='lat' dir='ltr'><strong>quadruplici</strong></span> <span class='ocrx_word' id='word_1_262' title='bbox 972 2565 1095 2596; x_wconf 86' lang='lat' dir='ltr'><strong>natura</strong></span> <span class='ocrx_word' id='word_1_263' title='bbox 1159 2588 1518 2595; x_wconf 88' lang='grc'><em>........</em></span> <span class='ocrx_word' id='word_1_264' title='bbox 1560 2565 1594 2596; x_wconf 78' lang='grc'><strong>21</strong></span> 
     </span>
    </p>
   </div>
   <div class='ocr_carea' id='block_1_3' title="bbox 331 2612 1599 2752">
    <p class='ocr_par' dir='ltr' id='par_1_3' title="bbox 331 2612 1599 2752">
     <span class='ocr_line' id='line_1_41' title="bbox 456 2612 1599 2648; baseline 0.003 -4"><span class='ocrx_word' id='word_1_265' title='bbox 456 2621 484 2644; x_wconf 87' lang='lat' dir='ltr'><strong>c.</strong></span> <span class='ocrx_word' id='word_1_266' title='bbox 507 2612 549 2644; x_wconf 87' lang='lat' dir='ltr'><strong>de</strong></span> <span class='ocrx_word' id='word_1_267' title='bbox 572 2615 681 2645; x_wconf 91' lang='lat' dir='ltr'><strong>morte</strong></span> <span class='ocrx_word' id='word_1_268' title='bbox 701 2640 1467 2648; x_wconf 89' lang='lat'><strong>................</strong></span> <span class='ocrx_word' id='word_1_269' title='bbox 1477 2614 1599 2648; x_wconf 78' lang='lat'><strong>22-23</strong></span> 
     </span>
     <span class='ocr_line' id='line_1_42' title="bbox 331 2664 1464 2711; baseline 0.001 -13"><span class='ocrx_word' id='word_1_270' title='bbox 331 2668 387 2698; x_wconf 82' lang='lat' dir='ltr'><strong>B.</strong></span> <span class='ocrx_word' id='word_1_271' title='bbox 412 2668 456 2698; x_wconf 86' lang='lat' dir='ltr'><strong>De</strong></span> <span class='ocrx_word' id='word_1_272' title='bbox 479 2666 598 2697; x_wconf 77' lang='lat' dir='ltr'><strong>ethicis</strong></span> <span class='ocrx_word' id='word_1_273' title='bbox 688 2664 762 2698; x_wconf 83' lang='lat' dir='ltr'><strong>Has</strong></span> <span class='ocrx_word' id='word_1_274' title='bbox 787 2667 905 2708; x_wconf 84' lang='lat' dir='ltr'><strong>partes</strong></span> <span class='ocrx_word' id='word_1_275' title='bbox 929 2667 1020 2711; x_wconf 87' lang='lat' dir='ltr'><strong>typis</strong></span> <span class='ocrx_word' id='word_1_276' title='bbox 1044 2677 1109 2701; x_wconf 92' lang='lat' dir='ltr'><strong>non</strong></span> <span class='ocrx_word' id='word_1_277' title='bbox 1139 2667 1330 2701; x_wconf 86' lang='lat' dir='ltr'><strong>curavimus</strong></span> <span class='ocrx_word' id='word_1_278' title='bbox 1352 2665 1464 2710; x_wconf 84' lang='lat' dir='ltr'><strong>expri-</strong></span> 
     </span>
     <span class='ocr_line' id='line_1_43' title="bbox 333 2717 920 2752; baseline -0.003 0"><span class='ocrx_word' id='word_1_279' title='bbox 333 2720 383 2752; x_wconf 74' lang='lat' dir='ltr'><strong>(J-</strong></span> <span class='ocrx_word' id='word_1_280' title='bbox 405 2720 450 2749; x_wconf 81' lang='lat' dir='ltr'><strong>De</strong></span> <span class='ocrx_word' id='word_1_281' title='bbox 475 2720 639 2750; x_wconf 79' lang='lat' dir='ltr'><strong>canonicis</strong></span> <span class='ocrx_word' id='word_1_282' title='bbox 770 2717 920 2752; x_wconf 78' lang='lat' dir='ltr'><strong>mendas,</strong></span> 
     </span>
    </p>
   </div>
  </div>
 </body>
</html>
