1804 2936
928 181 978 221 48

363 298 445 340 Sed
478 303 729 342 transeamus
764 302 817 341 ad
848 301 1177 354 harmoniamffl),
1223 316 1301 354 qua
1335 304 1493 357 quidam
1528 304 1646 344 animi

259 362 364 402 effici
391 363 615 402 voluerunt.
668 363 879 403 Lucretius
909 365 1012 403 enim
1041 365 1156 404 dicit:
1185 365 1274 416 (111,
1290 365 1378 417 98):

383 422 588 474 [Quamvis
617 424 741 462 multa
769 425 925 474 quidem
955 426 1177 476 sapientum
1205 427 1322 465 turba
1348 426 1550 477 putarunt]

383 482 552 523 Sensum
581 485 699 523 animi
728 489 840 523 certa
865 498 948 524 non
976 498 1068 526 esse
1095 487 1134 525 in
1163 491 1278 537 parte
1306 487 1491 537 locatum,

381 544 530 583 Verum
558 545 734 584 habitum
762 546 959 596 quendam
986 547 1148 586 vitalem
1177 549 1360 598 corporis
1390 560 1494 597 esse,

381 605 639 644 Harmoniam
669 607 766 645 Grai
795 618 912 657 quam
945 608 1092 658 dicunt,
1121 608 1228 658 quod
1255 608 1380 647 faciat
1406 621 1480 647 nos

380 666 531 706 Vivere
560 679 647 706 cum
676 680 809 717 sensu,
837 667 947 707 nulla
976 681 1062 707 cum
1087 669 1127 707 in
1156 673 1271 720 parte
1293 670 1371 710 siet
1386 681 1522 710 mens:

380 789 630 840 Magnopere
659 790 698 827 in
728 803 806 839 quo
834 791 885 827 mi
914 790 1063 829 diversi
1092 802 1226 829 errare
1254 791 1450 830 videntur.

359 851 405 889 In
435 862 513 900 qua
539 861 584 888 re
612 850 855 900 explicanda
890 864 969 890 non
997 856 1080 890 tam
1106 851 1316 893 Lucretius
1347 864 1461 903 quam
1491 852 1645 891 Aristo-

256 913 361 951 teles
390 911 567 950 auctoris
595 924 739 950 nomen
774 913 922 951 omittit
957 913 1123 962 afferre;
1163 925 1254 952 nam
1278 914 1523 953 Aristoteles
1551 919 1644 963 quo-

257 985 333 1023 que
370 973 470 1011 haec
504 976 657 1011 tantum
692 979 847 1014 narrat:
894 974 1061 1025 ἁρμονίαν
1095 987 1167 1011 τινα
1202 974 1283 1024 (τὴν
1310 974 1428 1026 ψυχήν
1447 974 1554 1023 τινες)
1588 972 1644 1010 λέ-

255 1046 374 1083 γουσι·
401 1032 460 1070 καὶ
484 1031 552 1083 γὰρ
580 1034 644 1083 τὴν
672 1034 840 1084 ἁρμονίαν
868 1037 988 1084 κρᾶσιν
1014 1035 1071 1073 καὶ
1098 1034 1260 1073 σύνθεσιν
1278 1034 1442 1086 ἐναντίων
1466 1033 1561 1083 εἶναι,
1589 1033 1646 1071 καὶ

255 1093 295 1130 τὸ
327 1096 434 1143 σῶμα
461 1094 667 1141 συγκεῖσθαι
694 1093 729 1135 ἐξ
757 1094 921 1133 ἐναντίων
949 1097 1018 1145 (de
1040 1097 1155 1134 anim.
1175 1096 1206 1139 I,
1225 1096 1287 1144 4),
1316 1098 1376 1134 et:
1405 1095 1540 1132 πολλοί
1561 1107 1647 1144 φασι

255 1156 326 1190 τῶν
353 1156 476 1203 σοφῶν
504 1153 534 1189 οἱ
562 1153 625 1203 μὲν
660 1155 829 1204 ἁρμονίαν
864 1154 948 1193 εἶναι
981 1156 1045 1206 τὴν
1077 1155 1195 1205 ψυχὴν
1224 1154 1256 1191 οἱ
1283 1153 1309 1192 δ’
1333 1154 1428 1206 ἔχειν
1463 1155 1643 1205 ἁρμονίαν.

256 1213 387 1264 (polit.
414 1214 526 1263 VIII,
554 1213 614 1262 5);
661 1215 766 1264 apud
806 1214 1019 1254 Platonem
1060 1218 1193 1254 autem
1229 1214 1428 1264 Simmias,
1473 1214 1646 1253 Philolai

255 1269 494 1325 discipuluS,
523 1274 637 1325 dicit,
665 1277 727 1326 τὴν
755 1275 874 1327 ψυχὴν
899 1274 1002 1325 εἶναι,
1032 1276 1150 1325 ὥςπερ
1178 1274 1411 1326 ἐντεταμένου
1436 1276 1500 1312 τοῦ
1524 1274 1644 1325 σώμα-

254 1349 315 1377 τος
342 1335 444 1386 ἡμῶν
470 1335 528 1372 καὶ
553 1335 794 1387 συνεχομένου
822 1336 890 1373 ὑπὸ
917 1336 1053 1388 θερμοῦ
1089 1337 1146 1374 καὶ
1180 1339 1321 1388 ψυχροῦ
1355 1337 1413 1374 καὶ
1448 1336 1555 1387 ξηροῦ
1588 1336 1646 1374 καὶ

254 1397 379 1448 ὑγροῦ,
416 1397 586 1434 τοιούτων
614 1400 716 1435 τινῶν
745 1399 866 1448 κρᾶσιν
891 1395 977 1435 εἶναι
1003 1396 1061 1435 καὶ
1087 1397 1254 1448 ἁρμονίαν
1281 1397 1400 1435 αὐτῶν
1426 1397 1561 1435 τούτων
1587 1396 1646 1435 καὶ

224 1488 227 1490 .
254 1457 374 1508 ψυχὴν
400 1456 516 1506 ἡμῶν,
544 1455 686 1495 ἐπειδὰν
713 1459 824 1494 ταῦτα
845 1459 966 1498 καλῶς
992 1457 1050 1495 καὶ
1070 1457 1221 1507 μετρίως
1238 1457 1358 1508 κραθῇ
1374 1456 1463 1507 πρὸς
1480 1454 1643 1507 ἄλληλα;

254 1518 503 1566 eandemque
533 1518 775 1556 sententiam
802 1517 1033 1557 Macrobius
1061 1518 1119 1567 (in
1140 1530 1265 1557 somn.
1291 1516 1398 1567 Scip.
1418 1518 1449 1567 Ι,
1472 1517 1538 1566 14)
1564 1518 1645 1568 ipsi

251 1578 437 1621 Philolao
473 1582 515 1616 et
540 1578 797 1628 Pythagorae
831 1578 1015 1627 ascribit,
1062 1590 1178 1628 quum
1213 1577 1329 1617 dieit2
1376 1578 1517 1627 „Plato
1543 1578 1646 1616 dixit

252 1639 420 1678 animam
461 1638 679 1678 essentiam
713 1650 757 1677 se
793 1642 1037 1688 moventem,
1083 1638 1341 1677 Xenocrates
1369 1646 1571 1677 numerum
1599 1649 1643 1677 se

251 1703 499 1748 moventem,
536 1699 781 1738 Aristoteles
809 1698 1048 1751 ἐντελέχειαν,
1083 1700 1339 1750 Pythagoras
1368 1702 1411 1738 et
1436 1698 1643 1737 Philolaus

251 1759 535 1801 harmoniamf‘
603 1759 686 1799 Sed
712 1771 809 1798 vera
835 1759 1093 1810 Pythagorae
1123 1761 1326 1800 sententia
1364 1760 1464 1797 haec
1490 1762 1643 1797 tantum

252 1825 391 1871 potest
410 1821 534 1860 fuisse
545 1818 613 1868 90),
635 1827 751 1870 quam
766 1819 956 1859 Claudius
972 1820 1186 1860 Mamertus
1203 1821 1361 1871 quidam
1375 1820 1433 1868 (in
1447 1819 1643 1858 Boeckhii

249 1882 396 1921 Philol.
417 1894 456 1932 p.
473 1881 565 1929 177)
590 1881 726 1921 affert:
756 1880 949 1931 „animam
976 1880 1141 1919 inditam
1166 1894 1258 1920 esse
1286 1882 1447 1931 corpori
1475 1893 1550 1931 per
1576 1891 1642 1918 nu-

253 1951 401 1982 merum
437 1946 480 1980 et
512 1941 777 1979 immortalem
806 1941 1053 1991 eandemque
1081 1941 1376 1992 incorporalem
1406 1941 1642 1979 convenien-

255 2002 390 2043 tiam.“
417 2024 468 2030 -
494 2001 649 2042 Postea
677 2002 844 2041 eandem
880 2002 1118 2042 sententiam
1152 2014 1238 2041 cum
1265 2001 1375 2041 multi
1404 2001 1474 2039 alii
1499 2000 1643 2052 Pytha-

253 2076 377 2113 gorae
405 2067 447 2102 et
474 2063 709 2101 Aristotelis
738 2062 924 2113 discipuli
953 2066 1216 2112 acceperunt,
1256 2066 1337 2100 tum
1363 2062 1644 2108 Aristoxenus,

252 2124 318 2174 qui
344 2125 517 2162 musicus
544 2123 730 2172 idemque
766 2122 1028 2172 philosophus
1065 2123 1168 2172 apud
1198 2122 1433 2161 Ciceronem
1461 2120 1643 2171 (Tuscul.

250 2185 282 2234 I,
299 2185 360 2230 10,
374 2185 440 2232 20)
470 2183 637 2222 animum
658 2195 749 2221 esse
770 2183 865 2221 dicit
883 2184 1009 2232 ipsius
1030 2183 1213 2232 corporis
1240 2183 1501 2220 intentionem
1521 2193 1642 2230 quan-

252 2244 360 2284 damt
402 2243 513 2283 velut
538 2244 579 2281 in
604 2247 721 2282 cantu
750 2248 792 2282 et
818 2243 857 2281 in
885 2243 1047 2293 fidibus,
1090 2255 1191 2293 quae
1225 2243 1433 2281 harmonia
1466 2245 1642 2288 vocetur,

252 2306 310 2345 sic
342 2318 394 2344 ex
428 2305 614 2354 corporis
650 2304 775 2343 totius
813 2308 958 2343 natura
994 2308 1035 2342 et
1067 2303 1194 2354 figura
1228 2304 1362 2343 varios
1390 2307 1520 2342 motus
1548 2300 1645 2341 cieri

248 2370 441 2419 tanquam
469 2366 509 2404 in
539 2369 658 2405 cantu
687 2376 823 2405 sonos.
845 2387 890 2391 —
912 2364 1055 2415 Itaque
1072 2368 1153 2403 tum
1173 2365 1327 2404 demum
1347 2368 1489 2404 censet
1508 2361 1644 2403 sentiri

250 2441 386 2479 posse.
417 2440 534 2479 quum
564 2427 808 2477 singularum
837 2426 1039 2476 corporis,
1083 2427 1250 2476 partium
1279 2426 1389 2464 firma
1417 2423 1642 2475 conjunctio

338 2529 381 2569 ⁸⁹)
404 2528 483 2560 Hac
509 2526 646 2560 Graeca
668 2536 769 2565 voce,
810 2536 898 2568 quae
921 2526 955 2557 in
985 2526 1235 2567 antiquioribus
1259 2526 1459 2558 Lucretiam
1483 2522 1642 2556 cai-minis

251 2578 505 2622 exemplaribus
527 2577 649 2619 (veluti
674 2576 927 2616 Wackefieldii)
954 2576 1057 2608 etiam
1080 2576 1207 2608 litteris
1229 2576 1374 2608 Graecis
1391 2578 1558 2616 expressa
1579 2575 1643 2609 est,

250 2632 306 2662 tex·
328 2628 435 2661 utitur
457 2628 644 2661 Lucretius
670 2627 745 2669 (ΙΙΙ,
766 2628 833 2660 101.
851 2627 918 2659 118.
936 2626 1016 2667 131).

336 2682 378 2721 ⁸⁰)
399 2690 430 2712 v,
451 2679 570 2712 Zeller
590 2679 616 2717 Ι,
638 2690 672 2721 p.
687 2678 861 2712 321—323.
884 2698 923 2703 —
944 2689 979 2720 p.
993 2677 1064 2710 257.
