1804 2936
894 194 946 232 20

227 313 448 363 significat:
490 314 512 364 ἡ
547 315 646 365 ψυχὴ
681 314 753 352 ἀπὸ
792 316 856 352 τοῦ
902 316 1028 353 λοιποῦ
1067 314 1303 366 ἀθροίσματος
1343 315 1626 363 στεγάζεται.

227 373 474 412 Posidonius
500 385 598 413 vero
629 374 733 425 apud
760 375 958 414 Achillem
981 376 1137 414 Tatium
1167 375 1279 424 dicit,
1309 375 1530 425 Epicureos
1558 387 1626 424 pu-

227 436 327 483 tare,
356 432 420 474 τὰς
447 433 567 484 ψυχὰς
592 434 661 471 {nib
680 435 859 484 σωμάτων
887 435 1182 486 συνέχεσθαι,
1213 434 1359 475 Sextus
1378 435 1492 485 Emp.
1522 435 1626 483 (adv.

226 493 339 543 phys.
365 493 437 543 1X,
467 496 504 543 ξ.
519 493 586 544 81)
614 494 977 543 διακρατεῖσθαι.
1037 514 1042 519 -

331 554 409 591 Hic
447 567 607 604 quoque
641 555 756 593 locus
792 559 873 604 est,
911 560 953 593 ut
984 555 1033 594 de
1061 560 1229 606 utroque
1259 556 1376 594 animi
1405 560 1446 595 et
1471 556 1626 594 animae

227 614 426 652 vocabulo
465 627 594 665 pauca
630 615 816 655 dicamus.
873 615 934 654 De
969 621 1138 666 utroque
1176 616 1279 655 euim
1308 616 1520 666 conjuncto
1550 616 1626 655 dis-

227 677 459 725 putantibus
494 676 609 715 nobis
645 676 836 725 optimum
864 689 955 715 esse
987 676 1186 715 vocabulo
1215 676 1457 725 „auimaff‘
1486 677 1543 715 uti
1570 677 1628 715 sic

230 737 351 775 docet
378 737 588 776 Lucretius
615 738 705 787 (111,
724 737 797 776 421
821 735 916 786 sq.):

348 800 391 835 tu
420 797 485 836 fac
513 802 720 848 utrumque
748 798 835 836 uni
864 797 1082 846 subiungas
1110 809 1254 835 nomen
1279 809 1419 835 eorum

354 862 475 907 atque
503 859 713 896 animam
744 860 856 897 verbi
885 870 1007 896 causa
1035 869 1122 895 cum
1156 857 1289 895 dicero
1318 869 1497 907 pergam,

355 918 560 956 mortalem
587 931 678 958 esse
708 919 872 967 docens,
906 917 1113 956 animum
1141 928 1298 966 quoque
1318 917 1453 956 dicere
1474 917 1629 965 credas,

357 990 434 1027 qua
463 982 579 1018 tenus
618 983 681 1018 est
709 991 825 1016 unum
851 978 958 1015 inter
985 989 1029 1016 se
1059 977 1348 1027 coniunctaque
1375 991 1442 1018 res
1471 974 1630 1026 est,“¹⁶)

334 1038 483 1076 Verum
519 1043 652 1077 tamen
688 1039 786 1077 illud
814 1036 1073 1088 praeceptum
1104 1040 1249 1088 postea
1276 1038 1363 1088 ipse
1391 1041 1516 1088 poeta
1543 1048 1628 1075 sae-

232 1098 395 1146 pissime
439 1096 638 1148 neglexit!
676 1099 799 1137 veluti
836 1099 1045 1148 perpaullo
1072 1103 1168 1148 post
1201 1099 1240 1136 in
1268 1099 1450 1137 versibus
1477 1097 1553 1135 448
1589 1100 1631 1135 et

230 1157 308 1196 450
327 1158 474 1209 legitur
496 1160 731 1198 vocabuhuu
761 1159 976 1210 „animus,“
1002 1171 1238 1208 qua-mquam
1260 1160 1426 1198 alterum
1451 1158 1629 1207 „anima“

234 1230 377 1257 versus
416 1225 582 1257 naturae
619 1220 776 1257 minime
809 1222 1011 1268 repugnat
1022 1230 1031 1266 3
1068 1224 1208 1258 contra
1234 1221 1275 1258 in
1303 1223 1482 1258 extremo
1510 1230 1629 1257 versu

967 1277 1125 1287 sas-f—

231 1287 307 1327 455
346 1290 582 1327 vocabulum
622 1288 872 1339 ,‚ani1na“‘(.
903 1322 911 1329 .
942 1322 949 1330 .
980 1288 1154 1341 anilma‘i)
1199 1302 1297 1329 saue
1335 1289 1449 1329 metri
1486 1302 1630 1328 caussa

234 1350 502 1388 adhibendum
533 1349 606 1387 suit
634 1351 880 1400 eandemque
912 1352 962 1388 ob
992 1360 1150 1389 causam
1179 1351 1218 1388 in
1247 1355 1424 1389 extremo
1452 1349 1527 1388 446
1555 1362 1628 1398 pro

231 1424 401 1469 utroque
425 1419 656 1457 vocabulum
687 1420 850 1468 ,‚1nenS“
880 1424 892 1469 (
913 1453 920 1461 .
939 1452 945 1460 .
967 1452 975 1461 .
996 1419 1237 1472 pariherque
1268 1408 1503 1473 selrsescErE}
1525 1410 1627 1459 men-

232 1479 343 1538 tem.)
395 1483 510 1528 Haec
539 1491 752 1529 hactenus!

340 1551 472 1589 Etiam
501 1551 578 1588 hoc
608 1551 817 1588 dicendum
847 1555 921 1598 est,
952 1551 1122 1589 animum
1147 1556 1268 1601 atque
1297 1552 1465 1590 animam

472 1641 478 1648 .
510 1611 750 1659 „coniuncta
784 1612 913 1649 teucri

357 1672 463 1709 inter
495 1683 537 1709 sc
567 1675 687 1721 atque
714 1683 851 1709 unam
881 1675 1109 1709 naturam
1138 1672 1334 1710 conficere
1364 1684 1414 1711 ex
1444 1673 1513 1711 se“

233 1733 324 1780 (ΙΙΙ,
349 1732 457 1782 136):
499 1733 635 1782 itaque
666 1745 781 1781 quum
812 1732 962 1770 animus
991 1732 1126 1782 aliqua
1153 1732 1191 1770 vi
1223 1733 1461 1781 percutitur,
1491 1733 1630 1770 eadem

169 1804 177 1807 ·
234 1794 349 1832 simul
381 1794 509 1830 anima
539 1793 714 1831 afficitur
742 1796 783 1831 et
809 1793 911 1832 haec

434 1883 442 1892 .
472 1884 480 1892 .
511 1865 624 1901 „cum
654 1853 774 1891 animi
802 1853 841 1891 vi

355 1925 552 1963 percussa
580 1917 653 1962 est,
684 1913 788 1952 exim
817 1925 962 1962 corpus
990 1914 1182 1962 propellit
1210 1920 1251 1951 ct.
1278 1914 1371 1952 icit“
1400 1914 1602 1962 (111‚160)‚

233 1975 361 2013 Porro
392 1987 506 2024 quum
535 1987 584 2012 ea
613 1986 714 2024 quac
743 1977 915 2023 tangunt
943 1978 984 2011 et
1011 1977 1232 2023 tanguntur
1260 1985 1432 2023 corpora
1461 1974 1559 2013 sint:

357 2036 484 2083 „haec
517 2035 657 2073 cadem
688 2035 792 2073 ratio
828 2038 1050 2071 naturam
1085 2034 1235 2073 animi
1271 2038 1418 2084 atque
1453 2034 1630 2073 animai

359 2107 655 2146 corpoream
683 2089 804 2133 docet
832 2094 962 2133 esse.“
994 2095 1120 2143 (161);

234 2149 307 2196 sed
336 2169 385 2195 ea
414 2159 621 2207 utriusque
655 2158 799 2195 natura
834 2155 1148 2205 „persubtilibus
1183 2159 1335 2195 tantum
1360 2168 1629 2206 perquamque

232 2217 418 2256 minutis“
447 2218 574 2267 (180),
616 2218 733 2255 immo
775 2216 895 2255 etiam
939 2227 1159 2273 „perquam
1192 2208 1398 2256 rutu'11dis“
1435 2219 1547 2267 (186)
1588 2221 1630 2255 et

234 2274 443 2328 „levibus“
468 2278 580 2327 (205)
609 2278 825 2318 seminibus
854 2277 966 2315 facta
995 2280 1058 2315 est
1085 2277 1156 2325 (cf.
1185 2275 1239 2314 ὅτι
1263 2277 1286 2326 ἡ
1313 2271 1411 2328 ψυχὴ
1435 2278 1542 2328 σῶμά
1559 2277 1630 2315 ἐστι

234 2337 451 2389 λεπτομερές
478 2338 580 2378 D.L,
597 2336 648 2389 X,
659 2340 721 2386 63,
751 2342 811 2376 et:
841 2336 875 2377 ἐΕ
905 2335 1047 2386 ἀτόμων
1077 2338 1268 2374 λειοτάτων
1286 2336 1343 2373 καὶ
1361 2339 1628 2387 στρογγυλωτά-

232 2411 316 2435 των.
345 2391 437 2448 66);
467 2410 594 2449 eaque
625 2399 864 2449 corpuscula
892 2398 1089 2436 simillima
1118 2401 1209 2436 sunt
1228 2397 1383 2448 spiritui
1412 2397 1629 2450 (προςεμφε-

234 2456 401 2508 ρὲστατον
429 2458 602 2510 πνεύματι
628 2460 764 2511 θερμοῦ
784 2473 858 2497 τινα
878 2461 999 2510 κρᾶσιν
1018 2456 1149 2510 ἔχοντι.
1177 2456 1255 2510 63),
1284 2459 1348 2496 vel
1367 2472 1447 2497 non
1467 2459 1629 2497 multum

233 2522 283 2557 ab
312 2521 360 2558 iis
390 2520 590 2570 differunt,
628 2518 729 2570 quac
757 2521 863 2570 ignis
894 2523 994 2558 sunt.
1025 2519 1079 2569 (ἐξ
1103 2521 1247 2569 ἀτόμων
1275 2518 1316 2555 οὐ
1345 2520 1472 2569 πολλῷ
1507 2519 1627 2570 διαφε-

318 2631 360 2669 ¹⁰)
392 2629 522 2660 Eodem
551 2630 650 2661 modo
683 2631 852 2662 Graecum
880 2629 1081 2662 vocabulum
1117 2619 1267 2670 ,,ψυχή“
1292 2631 1470 2671 utramque
1494 2630 1626 2671 partem

231 2674 416 2720 dignificat.
1308 2686 1323 2692 ⁶
