1804 2936
844 162 897 201 40

299 294 491 331 „cernere
522 286 562 321 et
589 283 755 323 alternis
782 285 989 324 nobiseum
1018 289 1200 334 tempora
1229 284 1332 324 caeli

297 343 503 392 „dividere
534 347 576 383 et
602 348 746 383 noctes
773 346 915 395 parilis
946 346 1100 396 agitare
1130 347 1310 387 diebus.“

275 404 387 451 Quae
417 406 560 454 omnia,
590 419 707 456 quum
734 408 791 445 ita
817 408 938 458 plane
968 411 1008 446 et
1026 408 1237 457 perspicue
1258 409 1481 447 aLucretio
1501 420 1566 447 ex-

173 466 323 514 plicata
353 467 449 513 sint,
487 470 530 504 ut
556 467 653 505 nihil
682 468 907 506 addendum
933 468 1126 515 videatur,
1157 480 1241 506 cum
1270 469 1567 508 narrationibus

173 527 409 576 quibusdam
427 527 635 566 Ciceronis
662 539 921 578 comparasse
949 529 1046 568 satis
1076 529 1163 566 erit.
1219 529 1259 567 Is
1280 530 1385 568 enim
1404 531 1569 581 primum

171 587 210 625 in
227 579 542 627 Tus‘culanarum
571 588 718 638 disput.
738 589 806 628 lib.
827 591 857 639 Ι,
879 603 967 640 cap.
984 590 1032 629 28
1053 620 1062 629 ,
1082 618 1090 627 .
1114 620 1121 631 ,
1143 621 1151 627 .
1174 590 1399 639 „videmus,
1428 591 1567 641 inquit,

173 680 302 689 .....
333 649 494 699 globum
534 651 669 688 terrae
714 651 952 689 eminentem
998 663 1018 689 c
1054 650 1170 700 mari,
1217 650 1333 689 fixum
1368 651 1408 689 in
1436 652 1568 690 medio

172 711 306 749 mundi
335 710 510 748 universi
538 710 643 758 loco,
673 711 828 749 duabus
859 712 941 750 oris
971 711 1212 749 distantibus
1240 711 1500 750 habitabilem
1528 715 1569 749 et

176 771 334 819 cultum,
364 783 527 820 quarum
556 771 695 819 altera,
726 784 839 820 quam
868 784 943 810 nos
972 773 1178 810 incolimus
1207 772 1314 822 „Sub
1341 773 1414 810 axe
1434 772 1570 821 posita

175 832 226 870 ad
258 832 401 871 stellas
431 836 603 883 septem,
633 833 737 870 unde
764 833 937 871 horrifer
961 833 965 883 Ι
997 833 1207 882 Aquilonis
1237 831 1386 871 stridor
1413 834 1570 883 gelidas

173 890 333 930 molitt'n·
359 893 493 940 nives,
538 894 669 930 altera
700 894 909 941 australis,
944 894 1083 942 ignota
1111 894 1246 941 nobis,
1280 906 1397 942 quam
1425 897 1571 931 vocant

175 954 323 992 Graeci
345 953 575 1004 ἀντίχὶὶονα.“
631 953 787 992 Deinde
807 954 847 992 in
869 955 980 994 acad.
1005 958 1161 1005 quaest.
1180 954 1232 1004 II,
1254 966 1286 994 c.
1303 954 1371 994 39:
1402 953 1569 1003 „Nonne

179 1016 299 1054 etiam
329 1014 475 1062 dicitis,
503 1028 594 1053 esse
624 1028 645 1053 e
675 1016 842 1064 regione
862 1016 993 1063 nobis,
1023 1029 1043 1053 e
1065 1012 1267 1054 contraria
1286 1019 1402 1065 parte
1422 1020 1569 1062 terrae,

173 1077 238 1127 qui
281 1075 466 1114 adversis
509 1075 691 1124 vestigiis
734 1079 843 1113 stent
883 1080 1025 1114 eontra
1062 1080 1202 1115 nostra
1239 1076 1427 1127 vestigia,
1470 1088 1570 1126 quos

176 1138 391 1187 antipodas
425 1136 636 1176 vocatis?“
694 1137 791 1175 Tum
827 1138 865 1176 in
903 1138 1057 1176 somnio
1088 1137 1288 1188 Scipionis
1323 1138 1375 1187 (c.
1391 1138 1433 1187 6)
1466 1137 1569 1175 Afri-

176 1211 315 1236 eanum
352 1198 410 1236 sic
445 1197 546 1235 facit
577 1197 827 1246 loquentem:
863 1199 962 1246 „hos
995 1200 1059 1248 qui
1095 1199 1274 1236 incolunt
1316 1203 1464 1237 terram
1490 1210 1570 1235 non

175 1259 295 1297 modo
333 1259 580 1308 interruptos
620 1258 678 1296 ita
708 1270 822 1309 esse,
857 1264 900 1298 ut
928 1260 1025 1298 nihil
1052 1260 1158 1298 inter
1185 1260 1296 1310 ipsos
1326 1261 1375 1298 ab
1402 1260 1491 1299 aliis
1520 1259 1570 1297 ad

178 1321 280 1358 alios
315 1331 478 1357 manare
514 1319 663 1368 possit,
700 1321 773 1357 scd
806 1321 952 1369 partim
980 1321 1182 1370 obliquos,
1218 1321 1362 1369 partim
1390 1332 1571 1367 aversos,

177 1381 319 1431 partim
351 1380 468 1419 etiam
503 1379 697 1419 adversos
727 1385 835 1419 stare
856 1381 999 1420 vobis“
1020 1411 1028 1420 .
1050 1412 1058 1421 .
1078 1412 1087 1421 .
1108 1381 1324 1432 paulloque
1342 1381 1448 1420 infra
1468 1380 1571 1431 „duo

179 1446 271 1480 sunt
304 1442 546 1481 habitabiles
581 1446 732 1487 (terrae
768 1442 952 1492 cinguli),
988 1454 1152 1492 quorum
1188 1442 1375 1481 australis
1410 1441 1496 1490 ille,
1530 1441 1572 1478 in

179 1516 256 1553 quo
284 1503 349 1553 qui
372 1503 574 1552 insistunt,
604 1504 776 1541 adversa
805 1503 918 1541 vobis
946 1506 1094 1553 urgent
1119 1503 1328 1553 vestigia.“
1357 1524 1406 1529 —
1433 1503 1573 1551 Itaque

180 1568 362 1614 apparet,
389 1564 615 1602 Lucretium
644 1568 686 1602 et
713 1564 948 1602 Ciceronem
976 1564 1034 1602 ita
1062 1564 1290 1602 consentire
1317 1563 1422 1601 inter
1450 1575 1506 1611 se,
1532 1565 1576 1600 ut

177 1629 346 1676 uterque
363 1625 579 1674 confirmet,
600 1638 623 1663 a
641 1625 893 1676 philosophis
908 1624 1140 1675 quibusdam
1157 1624 1199 1672 (i.
1216 1635 1250 1663 θ.
1268 1636 1292 1662 a
1307 1622 1473 1672 Stoicis)
1486 1623 1575 1661 huic

179 1691 346 1727 nostrae
367 1692 503 1726 terrae
522 1688 628 1737 parti
649 1691 807 1737 partem
823 1686 991 1725 alteram
1020 1698 1075 1724 sc.
1103 1685 1318 1724 australem
1347 1684 1574 1735 oppositam

180 1760 271 1786 esse
293 1753 335 1786 et
354 1749 471 1787 nobis
493 1749 593 1797 ipsis
615 1747 827 1798 ἀντίχθονας
846 1747 1037 1795 quosdam
1061 1746 1146 1784 sive
1167 1745 1367 1791 ἀντίποδας,
1403 1745 1484 1783 Sed
1499 1745 1573 1781 Lu-

181 1810 327 1848 cretius
356 1809 397 1846 in
424 1808 486 1847 his
513 1809 635 1846 rebus
656 1807 959 1846 considerandis
985 1805 1274 1844 accuratiorem
1296 1818 1340 1844 se
1360 1805 1575 1855 praestitit.

282 1870 399 1907 Haec
435 1869 522 1906 fere
559 1872 668 1916 sunt,
713 1880 814 1917 quae
851 1868 900 1905 de
928 1867 1176 1904 naturalibus
1206 1866 1372 1904 aliorum
1399 1866 1573 1914 philoso-

181 1931 349 1980 phorum
385 1932 559 1979 excepto
589 1929 763 1979 Epicuro
782 1927 1099 1979 ,quaestionibus
1141 1939 1165 1965 a
1194 1926 1379 1965 Lucretio
1409 1938 1574 1965 comme-

181 1992 348 2031 moratis
377 1991 550 2029 dicenda
579 1991 695 2029 nobis
722 1990 971 2028 videbantur.
1027 1988 1140 2026 Nune
1169 1988 1311 2026 eadem
1342 1988 1496 2026 ratione
1525 1987 1574 2025 de

181 2053 313 2093 anima
341 2056 381 2091 et
409 2053 459 2091 de
488 2051 785 2090 immortalitate
816 2049 1120 2099 disputabimus.

286 2116 345 2152 Ac
374 2113 538 2162 primum
567 2113 743 2163 quidem,
770 2111 836 2149 ubi
863 2112 913 2149 de
941 2111 1153 2160 proposito
1182 2121 1252 2148 suo
1281 2109 1474 2159 loquitur,
1502 2108 1575 2146 Lu-

183 2175 332 2214 eretius
361 2175 434 2212 ait:

234 2235 401 2286 (I,112);
431 2235 645 2285 Ignoratur
672 2233 773 2272 enim
804 2244 906 2282 quae
935 2232 987 2271 sit
1014 2235 1156 2269 natura
1184 2230 1340 2278 animai,

431 2299 528 2335 nata
557 2296 620 2343 sit,
650 2307 699 2332 an
729 2298 871 2332 contra
899 2293 1155 2331 nascentibus
1182 2291 1414 2338 insinuetur,

432 2361 474 2396 et
503 2356 618 2397 simul
642 2356 819 2394 intereat
843 2355 1051 2393 nobiscum
1078 2356 1204 2391 morte
1234 2352 1441 2402 dirempta,

432 2431 482 2457 an
508 2419 701 2456 tenebras
730 2417 824 2455 Orci
850 2416 957 2454 visat
983 2419 1201 2464 vastasque
1228 2414 1405 2460 lacunas,
1497 2410 1503 2413 ’

433 2491 484 2517 an
509 2478 688 2529 pecudes
719 2478 820 2516 alias
849 2477 1038 2515 divinitus
1066 2475 1241 2513 insinuet
1268 2486 1323 2522 sc,

428 2541 580 2579 Ennius
607 2543 651 2577 ut
678 2544 817 2578 noster
845 2539 1002 2586 cecinit,
1032 2536 1097 2585 qui
1124 2536 1271 2585 primus
1300 2547 1468 2573 amoeno

434 2602 578 2640 detulit
605 2614 654 2639 ex
681 2600 881 2639 Helicone
909 2598 1075 2648 perenni
1104 2597 1247 2635 fronde
1277 2607 1467 2633 coronam
1496 2599 1546 2632 ct.

294 2664 475 2702 Animam
513 2668 645 2701 natam
681 2674 773 2700 esse
805 2672 964 2709 unaque
994 2672 1078 2697 cum
1108 2670 1279 2708 corpore
1307 2656 1474 2695 interire
1503 2654 1581 2704 ipsi
