1804 2936
921 192 946 231 3

243 308 284 346 δὲ
311 308 379 347 ὐπὸ
407 309 571 361 σώματος
598 309 707 353 τόπος
735 313 909 362 καλεῖται,
937 312 1154 364 χωρούντων
1183 311 1223 349 δὲ
1248 309 1286 349 δι’
1318 310 1429 361 αὐτῆς
1456 312 1632 363 σωμάτων

241 370 344 422 χώρα
371 371 535 420 γίνεται.“

344 432 391 469 In
418 432 495 469 hoe
521 432 640 481 igitur
667 433 776 470 inani
804 434 970 472 alterum
999 434 1096 471 illud
1118 434 1236 482 inest,
1266 434 1326 470 cui
1353 433 1537 482 ‚‚tactus“
1567 436 1631 472 est

241 492 519 542 (Lue1·.1‚435)
550 494 573 531 i.
603 505 635 533 e.
665 506 813 543 corpus
843 495 905 532 vel
932 495 1065 545 potius
1092 506 1284 543 corpora:
1314 498 1506 544 „tangere
1526 495 1631 533 enim

243 558 284 592 et
309 554 423 603 tangi
460 554 532 591 nisi
571 566 716 603 eorpus
750 555 858 593 nulla
884 561 1021 604 potest
1046 553 1139 593 res‘·‘
1167 554 1330 602 ‹1,305).
1383 555 1441 592 Ea
1472 555 1629 604 quidem

242 617 306 651 est
334 626 431 652 vera
456 615 625 652 materia
652 614 768 664 (ὕλη),
799 627 911 664 quam
939 614 1127 665 Epicurei
1155 614 1310 652 Graece
1339 617 1561 656 vocabant:
1590 618 1629 653 τὸ

242 676 366 723 σῶμα,
402 675 442 712 τὸ
477 674 536 711 ὃὲν
570 674 811 724 (Demoer.)‚
843 675 884 712 τὸ
918 674 1068 712 ἄτακτον
1104 674 1161 711 καὶ
1195 673 1343 724 ἄλογον,
1377 676 1630 725 ἀπερίληπτον,

241 734 341 785 φύσιν
375 735 483 785 αὑτὴν
517 735 740 773 ἀναλύουσαν
774 735 831 771 καὶ
856 736 1097 785 πράττουσαν,
1128 734 1298 783 denique
1327 734 1367 771 τὸ
1396 735 1578 784 δρώμενον
1604 734 1628 783 ἢ

241 795 390 846 πάσχον.
418 795 540 843 (ΡΙιη.
552 796 638 834 Col.
655 795 681 832 4
692 807 776 844 sqq.
799 796 846 834 13
856 793 1005 845 sqq.)2)

265 856 268 857 ⁷
342 858 432 895 Jam
450 869 547 894 vero
567 855 776 893 Lueretius
797 857 870 894 ait:
899 869 1047 894 summa
1065 855 1146 893 loci
1165 855 1318 893 infinita
1339 856 1426 894 est“
1455 856 1629 905 lI‚1044.

243 920 284 955 et
311 917 389 955 alio
411 917 522 956 loco:
550 917 613 965 „in
641 920 806 955 cunctas
834 917 1005 966 undique
1032 916 1161 966 partis

345 981 386 1014 et
418 977 547 1015 latere
585 990 635 1015 ex
668 981 837 1027 utroque
872 990 993 1027 supra
1032 981 1246 1026 supterque
1274 988 1348 1025 per
1376 988 1491 1014 omne

241 1037 350 1076 nulla
378 1041 442 1076 est
467 1037 581 1076 finis“
609 1037 784 1088 11‚‹1048‚
814 1038 913 1078 alio:
941 1039 1094 1087 (1,958)

346 1110 485 1146 „omne
522 1098 629 1147 quod
666 1100 729 1136 est
762 1098 871 1136 nulla
904 1099 1070 1149 regione
1100 1098 1247 1135 viarum
1275 1098 1424 1136 finitum
1450 1096 1524 1135 ’st“
1558 1098 1631 1144 (cf.

242 1158 482 1207 D.L.X,4l:
522 1158 691 1208 ,,ἄπειρον
717 1160 757 1196 τὸ
783 1160 865 1208 πᾶν,
895 1158 937 1197 οὐ
967 1157 1258 1210 πεπερασμένον(
1292 1162 1333 1197 et
1359 1172 1396 1197 V.
1423 1158 1630 1197 Philodem
1678 1197 1681 1200 .

243 1220 322 1270 περὶ
349 1220 462 1270 εὐσεβ.
492 1221 553 1258 ed.
584 1221 794 1270 Gomperz.
823 1221 958 1270 LeipZ.
982 1221 1091 1259 1866.
1121 1232 1210 1269 pag.
1230 1220 1312 1269 108,
1341 1220 1423 1258 tab.
1444 1220 1510 1268 78;
1539 1232 1630 1270 pag.

246 1281 329 1330 129,
359 1282 438 1320 tab
461 1280 569 1331 111);

426 1355 617 1392 „namque
647 1347 863 1381 extremum
891 1343 1066 1380 debebat
1092 1342 1266 1380 habe1e“
1300 1341 1355 1389 (τὸ
1383 1341 1450 1391 γὰρ
1478 1355 1628 1391 πεπερα-

218 1402 369 1458 ισμένον
397 1402 507 1454 ἄκρον
535 1401 612 1454 ἔχει
639 1403 685 1443 Ι).
700 1404 744 1443 L.
760 1404 811 1454 X,
820 1404 867 1442 41.
874 1403 900 1453 ),

426 1468 667 1513 „extremum
694 1478 814 1514 polro
843 1465 988 1503 nullius
1017 1477 1137 1513 posse
1167 1465 1325 1502 videtur

427 1536 531 1573 esse,
560 1526 635 1563 nisi
662 1525 767 1564 ultra
794 1526 845 1565 sit
873 1526 979 1575 quod
1006 1525 1116 1562 finiat
1144 1554 1153 1562 .
1181 1556 1189 1563 .
1220 1526 1252 1563 .“

243 1585 302 1634 (τὸ
329 1585 370 1623 δὲ
396 1584 503 1636 ἄκρον
532 1584 607 1636 παρ’
638 1586 758 1637 ἕτερόν
785 1601 817 1624 τι
842 1586 1049 1636 θεωρεῖται·
1078 1586 1172 1622 ὥστε
1199 1585 1264 1622 οὐκ
1291 1584 1376 1636 ἔχον
1396 1584 1502 1635 ἄκρον
1522 1585 1632 1633 πέρας

245 1647 310 1684 οὐκ
334 1645 427 1697 ἔχει,
463 1645 573 1696 πέρας
606 1647 647 1684 δὲ
681 1647 746 1685 οὐκ
780 1646 866 1697 ἔχον
894 1645 1037 1696 ἄπειρον
1067 1645 1191 1697 ἂνεῖη
1218 1646 1275 1683 καὶ
1301 1646 1343 1683 οὐ
1367 1646 1633 1696 πεπερασμένον

244 1708 358 1756 ibid.)
411 1708 570 1745 Infinita
596 1707 716 1756 igitur
744 1712 807 1747 est
827 1712 867 1746 et
885 1708 1092 1746 multitudo
1114 1721 1324 1757 corporum
1344 1711 1385 1745 et
1402 1707 1631 1756 magnitudo

244 1770 360 1807 vacui
388 1768 456 1819 (ef.
484 1768 531 1805 D.
547 1768 592 1805 L.
612 1765 735 1816 X‚42:
763 1768 820 1805 καὶ
847 1771 900 1818 τῷ
926 1768 1059 1818 πλήθει
1082 1770 1152 1805 τῶν
1179 1769 1357 1817 σωμάτων
1386 1766 1531 1817 ἄπειρόν
1558 1767 1632 1804 ἐστι

244 1830 284 1867 τὸ
319 1832 388 1867 πᾶν
423 1829 480 1867 καὶ
510 1831 561 1878 τῷ
597 1827 743 1879 μεγέθει
775 1831 837 1866 τοῦ
871 1830 1008 1877 κενοῦ.)
1062 1828 1189 1876 Quam
1222 1842 1306 1868 rem
1333 1829 1543 1868 Lucretius
1572 1828 1632 1867 his

245 1891 408 1940 probat:
439 1890 471 1929 si
499 1890 627 1928 solum
654 1891 772 1928 inane
798 1893 959 1940 pateret
984 1891 1282 1929 immoderatum

429 1981 450 2000 ‚,
479 1979 488 1988 .
519 1979 527 1987 .
556 1951 736 2001 dispulsa
764 1963 834 1990 suo
864 1951 913 1990 de
942 1955 1062 1990 coetu
1086 1952 1268 1990 materiai

429 2013 546 2062 copia
573 2014 746 2051 ferretur
773 2025 955 2062 magnum
986 2025 1062 2062 per
1086 2013 1204 2051 inane
1233 2012 1375 2052 soluta.

430 2073 514 2110 sive
544 2073 645 2111 adeo
675 2074 807 2123 potius
835 2078 1035 2123 nunqua'm
1059 2076 1250 2111 concreta
1279 2076 1461 2111 creasset

428 2133 548 2172 ullam
565 2147 661 2182 rem,
691 2134 877 2183 quoniam
896 2133 988 2183 cogi
1008 2133 1179 2182 disjecta
1198 2133 1426 2182 nequisset‘·
1455 2133 1504 2182 (Ι,
1518 2133 1632 2181 1017)

247 2197 365 2242 atque
432 2195 631 2243 „spatium
658 2205 832 2233 summae
859 2193 980 2231 totius
1008 2204 1124 2231 omne

428 2253 601 2305 undique
631 2255 664 2294 si
690 2254 884 2294 inclusum
911 2253 1032 2293 certis
1062 2253 1305 2292 consisteret
1330 2253 1411 2293 oris

428 2316 657 2366 finitumque
685 2316 808 2354 foretz
836 2316 915 2354 iam
943 2315 1060 2365 eopia
1088 2315 1266 2354 materiai

332 2448 356 2487 ²)
384 2447 463 2478 Huc
486 2446 590 2478 etiam
615 2446 699 2479 illud
720 2448 874 2489 pertinet
894 2447 1058 2489 Epicuri:
1081 2438 1186 2487 σωμά
1210 2437 1281 2475 ἐστι
1307 2437 1347 2475 τὸ
1367 2439 1437 2475 πᾶν
1459 2446 1515 2486 (D,
1527 2447 1567 2478 L.
1589 2447 1634 2484 X,

246 2497 310 2538 39),
334 2498 393 2529 ubi
415 2497 619 2529 vocabulum
645 2488 686 2526 τὸ
705 2491 786 2539 πᾶν,
815 2507 1019 2540 quamquam
1031 2497 1096 2529 hoc
1112 2506 1264 2529 universi
1277 2498 1468 2539 etcorpora
1482 2496 1539 2529 et
1530 2507 1634 2529 mane

249 2547 446 2588 significare
476 2557 582 2590 supra
611 2548 739 2581 dictum
768 2550 841 2587 est,
873 2549 1006 2581 tantum
1028 2557 1070 2580 ea
1091 2549 1200 2587 notat,
1224 2557 1326 2601 quae
1333 2549 1481 2602 tangunt
1503 2550 1540 2579 et
1562 2550 1634 2580 tan-

248 2601 384 2653 guntur.
427 2599 556 2631 Sextus
589 2609 726 2641 quoque
753 2599 842 2639 (adv.
856 2599 964 2652 phys.
992 2598 1058 2637 IX,
1081 2598 1151 2639 133)
1186 2598 1290 2632 dicit:
1312 2590 1331 2627 ὃ
1360 2589 1403 2627 δὲ
1424 2588 1636 2654 Ἐπίκουρος

249 2640 454 2693 ἀδιαφόρως
487 2641 550 2691 τήν
583 2654 622 2677 τε
654 2655 724 2678 των
743 2642 936 2706 σωμάτων
964 2640 1020 2680 καὶ
1046 2640 1110 2695 τὴν
1135 2653 1197 2678 του
1224 2654 1327 2679 κενου
1355 2640 1458 2696 φύσιν
1486 2640 1569 2680 ὅλον
1596 2655 1635 2684 τε

248 2693 306 2735 καὶ
332 2695 400 2732 πᾶν
423 2693 694 2746 προςαγορεύειν
722 2691 861 2737 ειωθεν
