1804 2936
866 184 917 224 43

200 305 344 343 intueri
354 306 396 343 ‘2‘
427 304 532 342 Sane
561 317 662 355 quae
689 305 939 355 Pythagoras
970 307 1018 345 de
1046 306 1213 345 hominis
1233 306 1363 344 anima
1383 319 1432 343 ex
1452 305 1583 343 anima

202 365 337 420 mundi
365 368 506 404 exorta
532 365 681 405 dixisse
701 365 825 404 fertur
844 379 920 405 non
941 367 998 406 ita
1017 379 1159 417 magna
1176 368 1252 406 fide
1273 368 1395 417 digna
1415 365 1580 415 suntffi)

202 427 274 467 sed
299 427 376 466 hoc
405 426 561 476 quidem
586 426 690 464 inter
714 439 851 465 omnes
879 431 1048 476 constat,
1080 439 1166 465 eum
1191 429 1377 466 docuisse
1405 432 1499 477 post
1517 428 1582 465 ho-

201 487 319 527 minis
336 490 502 525 mortem
521 487 698 535 animam,
721 490 841 536 prout
858 487 1002 525 bonam
1023 489 1212 526 malamve
1235 501 1277 527 se
1298 489 1580 538 praestitisset,

202 551 271 587 aut
307 548 346 586 in
384 545 731 595 606111111’(116σμον)
759 550 829 585 aut
854 547 894 584 111
922 551 1076 586 tartara
1103 553 1171 586 aut
1196 550 1235 586 in
1263 550 1468 588 hominum
1487 550 1582 588 alio-

200 621 285 647 rum
312 608 578 647 bestiarumve
607 620 779 658 corpora
796 608 968 646 transire
978 606 1051 657 ⁶8):
1081 621 1178 658 ergo
1198 622 1392 659 nunquam
1417 623 1582 659 prorsus

197 670 376 708 interire.
385 667 445 719 ⁶9)

303 730 428 777 Quam
463 729 689 781 opinionem
723 733 869 780 postea
896 728 1015 768 Plato
1044 730 1101 768 ita
1128 730 1320 779 excoluit,
1351 734 1392 768 ut
1419 731 1582 780 diceret,

201 804 328 830 rerum
355 792 552 843 principio
580 793 621 830 in
649 804 886 841 unaquaque
916 791 1035 830 stella
1062 790 1140 828 fixa
1168 791 1336 829 animam
1365 792 1534 841 aliquam
1563 805 1586 830 a

200 857 331 892 mente
368 854 503 892 divina
543 853 780 893 collocatam
809 865 911 892 esse.
968 852 1123 891 Deinde
1153 865 1246 891 vero
1276 852 1425 891 animas
1453 853 1518 890 vel
1544 853 1583 890 in

199 917 345 952 terram
383 915 447 953 vel
481 914 521 952 in
556 915 695 953 stellas
732 913 980 962 errantes70)
1017 914 1160 954 missas
1196 926 1306 962 esse,
1346 916 1389 950 ut
1422 913 1584 962 primum

202 987 338 1013 omnes
364 975 404 1012 in
433 987 603 1025 corpora
620 976 752 1014 virilia
772 976 1000 1025 migrarent,
1029 975 1133 1013 unde
1159 977 1254 1024 post
1272 973 1468 1011 hominum
1487 986 1585 1011 mor-

200 1039 291 1085 tem,
320 1036 354 1074 si
375 1038 564 1086 corporis
592 1038 822 1087 voluptates
842 1041 883 1075 et
905 1036 1089 1074 libidines
1110 1038 1377 1085 superassent,
1406 1034 1445 1071 in
1467 1035 1586 1072 sedes

201 1108 293 1134 suas
313 1100 500 1136 aeternas
518 1101 830 1147 reverterentur,
852 1098 913 1136 sin
934 1100 1061 1135 autem
1084 1110 1106 1135 a
1124 1101 1235 1134 recta
1253 1096 1412 1133 vivendi
1430 1096 1586 1133 ratione

201 1157 510 1207 abscessissent,
546 1159 584 1197 111
615 1171 787 1210 corpora
812 1159 1030 1208 muliebria,
1059 1158 1243 1208 denique,
1273 1157 1307 1195 si
1335 1157 1586 1195 nihilominus

200 1219 305 1257 vitiis
333 1219 571 1270 flagitiisque
600 1233 644 1259 se
671 1221 940 1269 dedidissent,
969 1220 1007 1258 in
1036 1220 1251 1258 bestiarum
1279 1231 1450 1268 corpora
1480 1222 1586 1256 tran-

201 1280 338 1319 sirent.
373 1279 496 1320 ⁴Hinc
524 1294 620 1321 vero
649 1283 798 1322 animas
827 1282 902 1320 nisi
931 1282 1096 1321 sordida
1123 1282 1191 1319 illa
1211 1281 1420 1330 infimaque
1443 1283 1585 1317 natura

200 1354 364 1390 prorsus
398 1343 559 1392 abiecta
592 1345 631 1381 in
666 1343 927 1393 principalem
957 1356 1065 1381 51111111
1095 1347 1240 1381 sta-tum
1269 1355 1346 1380 non
1376 1353 1499 1391 posse
1526 1353 1585 1377 re-

202 1401 392 1450 stitui.⁷¹)
443 1402 558 1441 Haec
593 1416 678 1442 cum
711 1405 768 1442 ita
805 1404 904 1452 sint,
933 1406 1120 1454 apparet,
1155 1404 1324 1441 animam
1352 1414 1432 1439 non
1461 1400 1586 1439 solum

201 1475 281 1500 non
310 1464 546 1501 occumbere
573 1469 759 1514 mortem,
794 1465 867 1503 sed
893 1466 950 1502 ita
979 1477 1136 1514 semper
1162 1465 1294 1503 vivere
1323 1469 1367 1502 ut
1394 1477 1465 1504 suo
1494 1468 1586 1502 tem-

200 1536 298 1573 pore
320 1524 357 1561 in
376 1536 521 1573 corpus
543 1525 704 1574 aliquod
724 1538 896 1564 nascens
916 1526 1165 1564 extrinsecus
1184 1527 1314 1575 possit
1328 1523 1588 1573 insinua1·i.72)

200 1587 333 1634 Atque
355 1585 458 1623 hanc
477 1586 727 1635 sententiam,
752 1599 869 1636 quam
888 1586 929 1625 in
949 1587 1052 1625 libro
1070 1586 1091 1623 I
1110 1580 1228 1624 etiam
1247 1587 1374 1625 Ennio
1396 1587 1588 1636 attribuit,

200 1646 408 1684 Lucretius
434 1647 473 1685 in
500 1646 604 1684 libro
633 1647 694 1684 III
718 1646 770 1696 (v.
793 1646 917 1696 511111.)
936 1647 1116 1696 pluribus
1139 1648 1271 1685 verbis
1296 1648 1353 1685 ita
1373 1652 1589 1697 oppugnat,

200 1709 244 1744 ut
271 1707 560 1756 quodammodo
580 1708 807 1758 petulanter
824 1719 900 1746 nec
919 1707 1096 1746 infacete
1119 1708 1353 1746 concludat:
1383 1708 1587 1758 „Denique

202 1768 374 1806 conubia
402 1770 452 1807 ad
480 1770 650 1807 Veneris
679 1773 897 1819 partusque
925 1770 1100 1808 ferarum
1123 1767 1129 1818 Ι
1152 1769 1256 1808 Ε556
1275 1770 1423 1808 animas
1452 1774 1589 1819 presto

203 1828 462 1867 deridiculum
502 1841 591 1868 esse
626 1830 783 1868 videtur
819 1830 825 1880 Ι
861 1830 1089 1880 Expectare
1133 1830 1366 1869 immortalis
1409 1830 1593 1868 mortalia

202 1891 377 1929 membra
403 1891 614 1930 Innumero
644 1904 826 1941 numero,
862 1895 1098 1942 certareque
1133 1895 1501 1942 praeproperanter
1527 1891 1589 1928 In-

201 1956 264 1988 ter
301 1964 344 1989 se
382 1964 483 2001 quae
519 1954 644 2001 prima
676 1952 965 2002 potissimaque
1000 1952 1260 1991 insinuetur.“
1296 1972 1345 1978 —
1379 1952 1478 1989 Nam
1506 1952 1591 2000 jsta

203 2012 360 2064 quidem
377 2012 532 2052 ratione
552 2013 704 2053 animas
725 2013 765 2051 in
786 2025 960 2063 corpora
979 2014 1171 2053 insinuari
1189 2025 1320 2063 neque
1338 2012 1590 2063 Pythagoras

202 2086 332 2123 neque
360 2075 478 2112 Plato
507 2076 653 2113 docuit.
1153 2104 1155 2107 .

304 2134 461 2185 Restat,
488 2138 531 2174 ut
558 2136 607 2174 de
636 2147 792 2185 „rerum
819 2138 912 2175 ante
943 2137 1119 2174 actarum
1143 2132 1445 2182 retinentia“⁷3)
1475 2145 1591 2184 quam

201 2200 322 2235 vocat
361 2196 571 2236 Lucretius
601 2198 693 2247 (III,
708 2197 785 2236 670
805 2198 908 2247 sqq.)
944 2197 1131 2252 dicamus.
1185 2196 1259 2234 Ille
1298 2196 1456 2245 quidem
1482 2195 1507 2233 l.
1536 2207 1590 2234 c.:

288 2338 326 2378 ⁸⁷)
352 2338 466 2369 Zeller
487 2337 512 2375 Ι,
535 2348 567 2378 p.
587 2337 656 2369 322.
672 2337 744 2371 326.

288 2389 327 2429 ἐι)
348 2387 519 2420 Alexand.
541 2397 594 2430 ap.
617 2388 718 2430 Diog.
741 2387 838 2427 VHI,
861 2388 911 2422 31.
934 2405 975 2412 --
997 2398 1027 2421 v,
1051 2387 1163 2420 Zeller
1185 2387 1211 2425 Ι,
1233 2386 1434 2430 1132851111.

289 2443 327 2481 ⁶⁹)
352 2439 422 2471 Sed
446 2440 510 2471 vid.
533 2439 646 2472 Zeller
666 2439 693 2478 Ι,
715 2450 748 2481 p.
763 2439 824 2471 330
836 2450 889 2481 sq.
911 2443 921 2447 '

290 2493 329 2531 ⁷⁰)
350 2490 462 2527 Plato,
485 2490 645 2522 Timaeus
667 2501 700 2530 p.
715 2490 765 2523 41.
781 2491 821 2522 D.
835 2500 914 2532 sqq.

290 2543 327 2582 ⁷¹)
352 2541 708 2580 ΡΙα1ο,Τ1111.90,Ε”.
725 2551 799 2584 sqq.

291 2595 330 2633 ⁷²)
350 2593 440 2625 Plat.
463 2594 591 2626 Phaed
615 2593 682 2626 105
702 2592 828 2626 1011-
856 2592 922 2625 102.

290 2644 329 2684 ⁷³)
352 2643 404 2675 De
432 2644 495 2675 hac
527 2653 611 2676 voce
640 2644 673 2675 in
703 2644 817 2686 priore
853 2643 1151 2677 commentationis
1182 2644 1321 2676 nostrae
1357 2645 1455 2686 parte
1484 2644 1592 2676 locuti

206 2703 331 2727 sumus.
