1804 2936
897 182 946 222 14

222 301 489 353 sensibusque
518 304 668 343 nostris
698 304 960 354 subjiciuntur
986 304 1330 355 ,,θεωροόμενα“
1359 304 1425 354 (D.
1443 304 1487 343 L.
1507 304 1558 354 X,
1570 305 1620 345 86

220 360 307 411 87);
341 363 381 400 in
416 364 519 402 libro
550 368 680 402 autem
707 365 788 415 περὶ
815 365 956 415 φύσεως
981 366 1032 413 ΙΙ,
1050 366 1163 404 col.7
1199 365 1268 415 „ta
1292 365 1348 403 ἐπὶ
1375 366 1437 402 τοῦ
1466 364 1620 415 ὀργάνου

220 420 392 471 δείγματα
420 424 519 463 dicit
544 437 617 475 pro
647 425 932 478 ,,ὓεωροόμενα“
962 430 1003 464 ct
1031 428 1200 477 opponit
1234 429 1331 476 ,,τοῖς
1363 424 1453 464 κατὰ
1488 424 1533 463 τὰ
1561 437 1619 476 με-

218 481 338 533 τέωρα
365 486 625 536 φαινομένοις.“

323 547 415 584 Jam
452 560 548 586 vero
584 552 774 598 quantum
808 549 1000 599 temporis
1033 549 1073 587 in
1101 550 1175 588 hac
1202 561 1331 587 rerum
1357 554 1500 587 natura
1525 560 1619 585 una-

220 618 402 657 quaeque
433 610 578 648 durent
606 614 847 660 quaerentes
877 611 1042 661 primum
1071 611 1266 661 Epicurus
1297 611 1435 659 docet,
1464 613 1619 659 tempus

223 669 384 707 omnino
414 671 510 708 nihil
540 683 632 710 esse
652 683 725 721 per
745 684 787 709 se
808 673 949 721 ipsum,
979 672 1050 710 sed
1073 675 1225 709 tantum
1249 672 1620 721 „evidentian1“‚

221 740 294 777 per
322 742 436 779 quam
464 744 593 771 rerum
622 737 779 783 tempus
807 733 913 783 quod
942 733 1099 771 dicatur
1126 732 1190 771 vel
1218 733 1378 781 longum
1406 733 1470 771 vel
1498 735 1621 772 breve

221 793 395 836 putetur.
432 792 467 840 (ὁ
501 792 630 844 χρόνος
665 793 896 843 ἑνοίργημά
932 793 1023 842 ἐστι,
1059 789 1136 830 καθ’
1166 791 1185 830 ὃ
1221 791 1281 829 τὸν
1310 792 1422 831 πολὺν
1449 792 1473 843 ἢ
1502 793 1620 844 ὀλίγον

219 849 348 902 χρόνον
376 852 637 905 ἀναφωνοῦμεν
664 855 711 894 D.
727 856 770 894 L.
794 855 845 905 X,
864 854 944 903 72.)

324 914 467 964 Itaque
492 916 702 954 Lucretius
732 918 848 955 dicit:

346 978 502 1025 tempus
532 976 628 1014 item
655 988 729 1026 per
757 989 801 1015 se
831 989 910 1015 non
941 980 1014 1024 est,
1046 975 1120 1014 sed
1147 976 1268 1014 rebus
1299 977 1349 1014 ab
1378 976 1478 1026 ipsis

348 1037 606 1086 consequitur
635 1048 790 1086 sensus,
819 1040 1067 1076 transactum
1095 1037 1188 1086 quid
1217 1037 1268 1075 sit
1298 1037 1339 1074 in
1368 1049 1491 1085 aevo;

346 1100 438 1147 tum,
468 1110 571 1148 quae
598 1110 664 1137 res
693 1098 829 1147 instet,
860 1098 954 1149 quid
982 1109 1103 1148 porro
1132 1097 1276 1136 deinde
1307 1092 1515 1148 sequatur:

345 1171 421 1197 nee
449 1171 521 1209 per
550 1172 593 1198 se
624 1172 858 1210 quemquam
886 1164 1042 1209 tempus
1072 1160 1221 1198 sentire
1251 1158 1509 1197 fatendum⁷st

347 1224 540 1258 semotum
568 1222 617 1259 ab
647 1234 778 1259 rerum
806 1224 914 1258 motu
942 1220 1181 1270 placidaque
1211 1221 1358 1270 quiete.
1403 1219 1568 1269 (1‚460.)

222 1284 342 1329 atque
381 1286 473 1331 apte
511 1280 658 1320 Sextus
696 1283 808 1332 Emp,
842 1282 931 1320 adv.
968 1282 1079 1331 phys.
1118 1281 1205 1331 (X),
1235 1284 1272 1330 ξ.
1292 1281 1387 1320 219:
1411 1278 1620 1330 Ἐπίκουρος

218 1340 277 1374 τὸν
305 1338 434 1389 χρόνον
464 1341 691 1392 ,,σύμπτωμα
718 1344 996 1393 συμπτωμάτων
1024 1341 1111 1379 εἶναι
1138 1341 1235 1391 λέγει
1259 1342 1357 1391 (vid.
1386 1342 1513 1391 supr.)

323 1399 479 1439 Deinde
511 1402 706 1453 Epicurus
750 1405 883 1443 omnia
925 1416 1027 1453 quae
1063 1403 1261 1452 videmus,
1304 1407 1347 1441 ut
1381 1415 1431 1441 ex
1465 1402 1617 1441 infinito

221 1460 462 1510 prodierint,
497 1463 555 1501 ita
589 1465 769 1503 ostendit
803 1478 940 1504 rursus
977 1464 1149 1502 celerius
1182 1464 1261 1501 alia
1291 1464 1370 1501 alia
1398 1464 1551 1501 tardius
1579 1463 1619 1500 in

222 1521 420 1572 principia
451 1536 522 1562 sua
548 1525 716 1564 dissolvi
751 1527 954 1575 (‚,1nortali
985 1525 1207 1564 consistere
1238 1536 1408 1574 corpore
1437 1524 1619 1561 mundum

222 1583 477 1633 nativomque
514 1586 631 1625 Luer.
660 1587 794 1636 V‚65;
821 1603 871 1620 =
905 1587 976 1624 ἀπὸ
1011 1588 1073 1624 τοῦ
1107 1586 1254 1636 ἀπείρου
1281 1586 1405 1635 γέγονε
1432 1584 1490 1621 καὶ
1516 1584 1620 1621 πάλιν

222 1644 339 1681 πάντα
373 1646 566 1685 διαλύεται.
601 1648 648 1687 D.
664 1649 709 1686 L.
727 1648 778 1698 X,
791 1649 877 1698 73):
914 1649 937 1686 i.
975 1660 1009 1686 e.
1042 1652 1083 1686 et
1116 1648 1228 1698 ipsos
1255 1646 1422 1685 mundes
1456 1645 1619 1683 interire

222 1704 423 1755 (φθαρτοὺς
449 1708 532 1749 τοὺς
559 1708 713 1759 κόσμους
741 1706 786 1758 X,
804 1710 853 1748 74
879 1724 930 1741 =
959 1704 1121 1747 exitium
1150 1709 1252 1747 caeli
1276 1712 1492 1756 terraeque
1520 1706 1620 1745 futu-

221 1779 306 1804 rum
333 1768 450 1806 Luer.
481 1769 530 1818 V,
546 1770 613 1818 98)
643 1775 685 1808 et
711 1784 777 1809 res
807 1783 944 1809 omnes
975 1774 1016 1807 et
1044 1770 1278 1818 animantes,
1308 1769 1455 1818 quippe
1486 1768 1553 1817 qui
1580 1772 1622 1805 et

219 1827 299 1876 ipsi
335 1829 386 1865 ab
423 1829 577 1868 infinito
614 1843 695 1869 non
731 1832 809 1870 sint
844 1832 1020 1870 discreti.
1057 1829 1160 1881 (οὐδὲ
1194 1828 1237 1866 τὰ
1275 1833 1351 1873 ζῶα
1386 1827 1622 1878 ἀποκριθέντα

222 1886 294 1923 ἀπὸ
323 1890 385 1924 τοῦ
420 1889 568 1940 ἀπείρου
595 1892 647 1940 X,
664 1893 746 1939 74).
803 1892 883 1930 Sed

410 1964 511 1999 „nee
541 1952 597 1991 sie
623 1953 824 1992 interemit
850 1966 957 1992 mors
986 1965 1063 2001 res,
1092 1957 1136 1991 ut
1160 1952 1344 1991 materiai

409 2026 583 2063 corpora
613 2015 810 2063 conficiat,
840 2017 913 2053 sed
942 2019 1100 2053 coctum
1127 2014 1310 2063 dissupat
1338 2012 1448 2050 ollis:

408 2074 502 2114 inde
533 2074 623 2114 aliis
652 2075 758 2116 aliud
787 2075 1066 2126 coniungitur“
1123 2072 1467 2123 (Lucr.11‚1002),

276 2148 378 2182 „nec
406 2149 536 2174 rerum
565 2150 753 2175 summam
782 2142 1026 2176 commutare
1055 2138 1136 2175 ulla
1164 2140 1301 2186 potest
1329 2135 1390 2173 vis
1418 2133 1489 2184 (ΙΙ,
1509 2132 1621 2181 303):

278 2203 528 2245 „augescunt
555 2198 659 2236 aliae
689 2202 846 2248 gentes,
876 2198 980 2237 aliae
1009 2199 1231 2237 minuuntur

273 2255 393 2306 inque
422 2259 532 2297 brevi
564 2261 699 2310 spatio
726 2265 929 2299 mutantur
956 2262 1095 2299 saecla
1127 2260 1370 2298 animantum

276 2320 318 2353 et
343 2319 470 2367 quasi
487 2332 673 2361 cursores
702 2321 799 2360 vitai
830 2322 1018 2371 lampada
1044 2319 1232 2360 tradunt“
1262 2319 1331 2369 (II,
1350 2318 1397 2356 77
1416 2316 1493 2367 sq.)

325 2379 471 2430 Itaque
506 2395 591 2421 eum
627 2384 666 2421 in
705 2384 781 2422 hoc
815 2383 1047 2422 mutationis
1088 2381 1238 2421 circulo
1283 2390 1441 2428 semper
1483 2379 1624 2418 eadem

226 2445 388 2480 maneat
415 2447 560 2483 natura
587 2444 655 2495 (cf.
685 2444 742 2482 καὶ
769 2446 838 2494 μὴν
863 2444 921 2481 καὶ
947 2445 987 2481 τὸ
1009 2445 1079 2480 πᾶν
1108 2442 1164 2480 ἀεὶ
1190 2442 1349 2479 τοιοῦτον
1378 2439 1434 2490 ἧν,
1465 2439 1538 2478 οἷον
1564 2442 1623 2478 νῦν

221 2498 296 2538 ἐστι
325 2503 383 2540 καὶ
408 2506 566 2543 τοιοῦτον
594 2503 695 2543 ἔσται
722 2506 769 2545 Ι).
788 2507 831 2545 L.
851 2496 1007 2556 X‚'39)‚
1034 2504 1133 2543 haee
1159 2503 1217 2542 ita
1246 2506 1309 2543 est
1333 2501 1548 2550 instructa,
1582 2505 1625 2540 ut

233 2564 365 2601 omnia
394 2566 575 2606 omnibus
603 2567 715 2616 paria
740 2567 1029 2617 respondeant.
1083 2566 1201 2604 Haec
1229 2565 1387 2616 quidem
1415 2567 1478 2603 est
1505 2561 1626 2612 „600-

224 2623 418 2673 vopz'av“
455 2640 569 2677 quam
605 2629 801 2679 Epicurus
839 2628 1020 2679 appellat
1048 2627 1171 2677 (Plut.
1189 2639 1285 2666 mor.
1301 2640 1339 2677 p.
1353 2625 1431 2665 428
1444 2623 1509 2676 E.)
1535 2625 1557 2663 i.
1590 2637 1624 2664 e.

218 2690 531 2740 aequabilem
557 2692 882 2732 tributionem
918 2689 1019 2743 (Cic.
1050 2691 1099 2729 de
1131 2693 1213 2728 nat.
1234 2690 1344 2728 deor.
1365 2687 1395 2738 Ι,
1416 2688 1475 2735 19,
1492 2686 1554 2730 50.
1576 2711 1625 2720 --
