1804 2936
898 200 939 237 11

328 320 441 368 Quod
478 324 665 370 superest
698 320 744 356 in
780 320 954 369 quovis
993 321 1143 359 finito
1178 334 1391 371 corpore
1428 325 1612 359 atomo-

224 395 322 420 rum
349 393 573 420 numerus
602 380 793 418 minime
820 381 1056 419 infinitus
1086 387 1220 430 potest
1240 394 1331 421 esse
1353 382 1405 432 (ἐν
1427 381 1613 431 ὡρισμένῳ

225 442 363 492 σώματι
389 441 454 478 οὐκ
472 440 565 477 ἐἶναι
592 439 758 490 ἀπείρους
778 439 905 489 ὄγκους
931 440 978 479 D.
993 441 1076 489 56);
1105 442 1219 480 immo
1240 455 1290 480 ne
1309 443 1440 481 omnia
1460 442 1614 480 infirma

224 503 436 541 reddamus
472 514 573 540 neve
607 502 647 539 in
683 502 840 539 nihilum
874 506 1092 551 vertamus,
1137 504 1177 540 in
1221 503 1456 553 corporibus
1491 503 1613 541 finitis

228 563 293 612 qui
321 563 360 600 iu
388 562 581 601 infinitum
610 563 661 600 ad
687 563 728 600 id
757 562 862 612 quod
892 563 945 600 sit
970 563 1117 613 minus,
1152 563 1221 600 fiat
1249 564 1442 601 transitus
1471 563 1613 601 tollen-

226 625 298 662 dus
327 627 400 663 est.
433 622 648 673 (ἀνειρετεόν
682 623 705 673 ἡ
741 622 932 674 μετάβασις
969 622 1005 660 ἐν
1041 623 1112 662 τοῖς
1146 621 1349 671 ὡρισμένοις
1383 622 1432 663 εἰς
1469 622 1614 673 ἄπειρον

225 683 281 719 ἐπὶ
308 683 505 721 τοῦλλατον
532 684 646 729 ibid.)
701 683 769 721 Sin
799 687 930 721 autem
959 684 1081 721 atomi
1110 687 1250 720 essent
1275 683 1466 730 infinitae,
1496 683 1613 719 etiam

224 743 348 783 totius
384 744 565 794 corporis
599 744 833 794 magnitudo
868 748 981 782 esset
1007 743 1161 782 infinita
1188 743 1213 782 i.
1245 755 1276 781 e.
1306 746 1523 781 extremum
1551 743 1613 781 ha.

223 806 340 843 beret
367 817 391 843 a
417 806 527 843 finito
557 817 722 854 prorsus
753 805 1002 843 distinctum:
1032 804 1139 853 ἄκρον
1167 805 1229 840 τοῦ
1256 803 1522 853 πεπερασμένου
1541 805 1614 841 δια-

225 865 358 915 ληπτόν
385 866 449 917 (D.
468 865 547 914 57).
603 864 713 913 Quae
743 877 828 905 cum
856 865 914 904 ita
943 876 986 904 se
1013 864 1189 903 habeant
1217 863 1255 902 hi
1285 868 1375 902 sunt
1404 876 1615 915 corporum

224 932 353 967 motus
381 927 561 975 haecque
589 928 819 965 mundorum
846 926 1111 965 constructio:

327 987 448 1026 Initio
485 988 644 1036 quidem
679 987 906 1026 universum
939 987 1083 1025 atomis
1120 986 1319 1036 expletum
1358 990 1462 1035 erat,
1500 999 1614 1037 quae,

227 1062 343 1099 quum
380 1049 498 1086 inane
534 1061 614 1087 non
648 1049 884 1096 obsisteret,
922 1060 1051 1098 acqua
1084 1060 1172 1086 cum
1206 1048 1413 1086 celeritate
1450 1048 1617 1086 eandem

227 1121 385 1158 semper
413 1108 631 1158 regionem,
648 1109 853 1159 petebant.
907 1108 1216 1158 (L1101·.11,132:
1255 1108 1382 1158 prima
1409 1113 1617 1148 moventur

225 1183 298 1221 per
326 1182 370 1209 se
396 1169 616 1220 primordia
642 1169 810 1216 rerum“‚
839 1169 994 1215 II‚238:
1031 1169 1163 1207 omnia
1192 1173 1440 1220 quapropter
1467 1171 1618 1210 debent

223 1243 297 1281 per
324 1231 441 1269 inane
471 1231 643 1280 quietum
673 1260 681 1269 .
711 1260 719 1268 .
749 1260 758 1269 .
788 1232 942 1280 aeqsse
971 1230 1217 1280 ponderibus
1245 1242 1326 1268 non
1354 1231 1491 1280 aequis
1524 1243 1616 1270 con-

224 1293 304 1330 cita
337 1292 453 1339 ferri,
493 1291 652 1340 Epicur.
691 1304 753 1341 ap.
790 1292 909 1340 Diog.
936 1291 987 1340 X,
1002 1292 1071 1329 43:
1107 1290 1283 1327 κινοῦνταί
1310 1304 1350 1327 τε
1386 1294 1547 1342 συνεχῶς
1582 1292 1618 1327 αἱ

225 1352 371 1403 ἄτομοι,
391 1352 442 1403 X,
453 1353 521 1392 61:
540 1352 717 1403 ἰσοταχεῖς
736 1351 838 1401 εἰσιν;
869 1351 980 1391 Sext.
1001 1352 1112 1402 Emp.
1135 1352 1222 1390 adv.
1242 1351 1342 1402 phys
1372 1352 1444 1402 (X)
1467 1355 1504 1402 ἓ.
1523 1353 1616 1393 145:

224 1415 399 1464 ἰσοταχῶς
435 1414 607 1450 κινοῦνται
639 1410 711 1450 κατ’
744 1410 985 1462 Ἐπίκουρον.)
1040 1413 1114 1459 Qui
1150 1416 1279 1450 motus
1314 1414 1495 1462 pondere
1532 1415 1616 1452 sive

225 1475 422 1525 gravitate
452 1473 634 1518 efficitur,
664 1473 848 1523 quoniam
874 1474 1072 1524 pondus
1102 1476 1178 1512 est
1205 1474 1502 1524 principium
1529 1487 1616 1513 mo-

226 1541 304 1575 tus
331 1536 598 1583 internum,
632 1535 744 1584 isque
782 1539 910 1574 motus
940 1539 1003 1573 est
1029 1535 1226 1574 naturalis
1256 1535 1357 1582 (Cic.
1378 1536 1426 1573 de
1448 1537 1534 1574 fato
1554 1536 1616 1584 20,

225 1598 304 1645 47),
335 1609 450 1646 quum
480 1596 703 1634 deorsum
728 1597 908 1634 tendat
936 1596 994 1634 ad
1020 1596 1199 1633 lineam
1226 1595 1360 1645 (Lucr.
1375 1596 1618 1645 11,840t.=

225 1658 354 1708 κίνησις
381 1657 403 1707 ἡ
431 1655 522 1694 κατὰ
550 1656 713 1707 στάθμην
737 1656 843 1696 Plut.
872 1658 921 1696 de
949 1657 1054 1707 plac.
1080 1657 1145 1707 ph.
1174 1657 1205 1705 Ι,
1222 1657 1288 1706 12;
1316 1658 1424 1709 Ι,23;
1453 1656 1619 1694 κινεῖσθαι

225 1717 270 1755 τὰ
300 1716 417 1766 ἄτομα
444 1716 554 1765 κάτω,
583 1716 665 1754 τότε
693 1717 756 1767 μὲν
783 1716 874 1755 κατὰ
902 1717 1066 1767 στάθμην
1092 1718 1141 1755 D.
1155 1716 1222 1764 X.)

327 1779 482 1818 Deinde
511 1779 642 1829 „ictu
670 1779 776 1819 forte
807 1778 997 1818 alterius“
1025 1779 1251 1829 primordia*
1270 1780 1450 1819 feruntur
1483 1780 1617 1829 (Lucr.

226 1840 357 1889 11,84)
388 1844 429 1878 et
458 1853 584 1889 „quae
612 1854 739 1890 parvo
769 1844 861 1880 sunt
887 1852 1060 1889 corpora
1089 1840 1305 1879 ecnciliatu

473 1905 514 1940 et
541 1902 654 1951 quasi
681 1901 863 1952 proxima
891 1905 982 1941 sunt
1010 1901 1061 1941 ad
1088 1901 1195 1940 vires
1222 1901 1507 1952 principiorum

474 1962 663 2000 ictibus
692 1963 849 2000 illorum
878 1963 1010 2001 caecis
1037 1963 1209 2011 impulsa
1236 1963 1415 2000 cientur“
1444 1962 1619 2012 (11‚133).

329 2022 437 2060 Hinc
477 2022 597 2072 igitur
633 2023 849 2060 secundum
891 2023 1169 2072 cognoscimus
1203 2026 1352 2061 motum
1391 2023 1494 2061 ictu
1534 2023 1620 2061 sive

228 2084 377 2134 plaga
403 2083 506 2132 (Cic.
528 2083 577 2122 de
597 2082 682 2121 fato
699 2083 839 2131 20‚461
868 2087 997 2122 motus
1023 2084 1289 2134 impulsionis,
1318 2096 1433 2133 quam
1461 2083 1621 2133 plagam

227 2144 296 2183 ille
325 2144 517 2195 appellat.
546 2164 597 2170 —-
624 2156 659 2182 V.
676 2143 771 2182 ibid.
793 2144 852 2193 10,
868 2144 1024 2191 21.22.)
1052 2144 1077 2183 i.
1104 2156 1139 2182 e.
1167 2144 1207 2181 vi
1234 2148 1401 2183 externa
1429 2144 1621 2183 effectum

229 2205 360 2257 (Lucr.
376 2206 406 2257 I,
429 2205 539 2246 1025.
563 2206 676 2247 1042.
702 2204 802 2245 1055
824 2218 883 2257 sq.
910 2205 962 2255 II,
986 2205 1048 2245 84.
1073 2205 1159 2246 133.
1181 2204 1268 2246 285.
1291 2206 1367 2245 289
1393 2204 1475 2257 ct),
1505 2217 1621 2257 quem

229 2269 384 2307 Graece
414 2268 621 2318 appellant
648 2268 854 2317 Epicurei:
881 2268 1008 2318 κίνησιν
1035 2269 1097 2318 τὴν
1125 2267 1215 2305 κατὰ
1241 2269 1381 2317 πληγὴν
1401 2268 1459 2304 καὶ
1476 2267 1620 2317 παλμόν

228 2329 333 2368 Plut.
354 2329 404 2368 de
423 2329 528 2379 plac.
548 2329 613 2378 ph.
632 2329 662 2377 I,
675 2329 734 2378 12,
763 2327 854 2366 κατὰ
881 2327 1012 2379 θλίψιν,
1038 2328 1243 2380 σύγκρουσιν
1270 2327 1373 2367 D.L.
1388 2327 1439 2378 X,
1449 2328 1513 2374 44,
1541 2341 1608 2365 κατ

229 2390 410 2440 ἀνακοπήν
436 2389 498 2438 42,
527 2386 598 2427 κατ’
627 2389 862 2440 ἀποπηδῆσιν,
891 2388 1105 2441 ἀποπαλμόν
1131 2390 1193 2438 44,
1223 2389 1453 2440 ἀντίκρουσιν,
1484 2388 1620 2426 ἀντιτυ-

229 2450 310 2487 πίαν
338 2450 449 2489 Sext.
470 2451 560 2489 adv.
580 2451 698 2489 math.
717 2451 748 2499 Ι,
767 2451 802 2499 3,
819 2451 881 2490 21.
932 2451 1012 2490 Hic
1048 2452 1205 2501 quidem
1230 2454 1359 2489 motus
1391 2462 1514 2489 causa
1542 2456 1618 2500 est,

232 2524 300 2551 cur
332 2512 569 2562 corpuscula
602 2512 655 2550 ad
679 2512 826 2551 lineam
855 2512 1085 2552 decidentia
1112 2512 1192 2551 alia
1218 2511 1309 2551 aliis
1337 2511 1521 2550 incidant
1545 2513 1619 2552 ita-

233 2584 307 2621 que
337 2572 456 2611 etiam
484 2585 637 2612 sursum
662 2574 870 2613 resultent.
924 2573 1024 2611 Nam
1052 2573 1148 2612 dicit
1173 2572 1384 2611 Lucretius

356 2634 527 2684 „nullam
555 2646 638 2674 rem
665 2647 789 2686 posse
816 2637 889 2675 sua
915 2635 955 2675 vi

354 2707 592 2749 corpoream
620 2709 774 2737 sursum
802 2697 900 2737 ferri
928 2708 1160 2748 sursumque
1187 2697 1346 2737 meare“
1375 2698 1445 2747 (Π,
1464 2696 1565 2749 185).
