1804 2936
863 152 916 192 32

440 272 641 323 conjicere
663 276 707 311 ut
731 274 866 324 possis
887 287 938 313 ex
955 275 1044 325 hoc,
1073 287 1176 325 quae
1196 286 1363 315 cernere
1383 287 1465 314 non
1485 275 1585 325 quis,

438 338 656 372 extremum
681 334 788 384 quod
806 334 975 386 habent,
1005 336 1201 374 minimum
1227 336 1451 375 consistere
1472 348 1584 386 pror-

193 406 299 443 sum;
315 392 585 444 Empedocles
600 395 740 435 docuit.
753 407 884 446 neque
901 401 1058 437 atomos
1075 410 1180 446 esse,
1196 410 1219 436 e
1234 398 1376 448 quibus
1399 401 1587 447 quattuor

194 455 265 494 illa
292 455 493 494 elementa
520 460 772 506 constarent,
807 470 937 508 neque
972 471 1145 508 corpora
1178 459 1217 496 in
1242 459 1434 496 infinitum
1463 458 1587 496 dividi

194 528 330 567 posse.
385 515 492 556 Sanc
519 517 760 557 Plutarchus
789 519 950 558 scribit:
985 521 1107 571 (plac.
1135 520 1229 571 phil.
1257 520 1391 570 I‚13:)
1410 516 1587 569 Ἐμπεδο-

192 578 283 627 κλῆς
309 578 377 628 πρὸ
405 581 477 616 τῶν
504 580 686 629 τεσσάρων
715 580 898 631 στοιχείων
926 580 1140 631 θραύσματα
1166 581 1340 632 ἐλάχιστα
1365 580 1470 617 οἱονεὶ
1493 593 1585 616 στοι-

192 639 276 689 χεῖα
308 639 378 690 πρὸ
414 639 619 691 στοιχείων,
655 640 869 692 ὁμοιομερῆ,
903 640 991 692 ὅπερ
1024 641 1098 679 ἐστὶ
1130 641 1332 692 στρογγύλα
1365 642 1437 691 (cs.
1465 642 1587 679 ctiam

192 699 298 749 plac.
321 699 415 749 phil.
442 700 569 749 1‚17):
599 702 671 741 sed
700 702 738 739 in
769 715 906 741 errore
935 715 1023 741 eum
1050 704 1205 742 versari
1231 703 1380 753 optime
1409 702 1588 740 ostendit

193 760 376 799 Zellerus
404 762 460 810 (p.
476 762 547 801 511
566 776 655 813 sqq.
686 776 772 802 cum
799 764 965 811 annot.)7
995 765 1061 813 qui
1089 778 1137 802 ex
1166 765 1400 803 Aristotelis
1428 763 1586 812 quibus-

193 822 286 860 dam
314 822 494 872 scriptis,
531 824 623 872 quid
660 825 709 862 de
745 824 1002 873 Empedoclis
1040 825 1242 863 sententia
1276 824 1485 862 dicendum
1522 824 1585 871 sit,

195 883 498 922 accuratissime
519 884 739 934 explicavit
804 885 931 924 Nobis
950 898 1061 936 vero,
1082 890 1124 924 ut
1145 886 1344 928 videamus
1363 885 1587 924 Lucretium

196 957 335 984 veram
364 945 623 995 Empedoclis
652 946 891 985 sententiam
921 947 1115 997 attulisse,
1145 948 1245 987 satis
1274 951 1346 996 est,
1373 948 1474 985 haec
1502 950 1588 984 tan-

193 1009 276 1045 tum
305 1008 429 1045 verba
457 1018 786 1046 commemorare:
810 1005 1055 1057 Ἐμπεδοκλεῖ
1077 1008 1118 1045 δὲ
1144 1007 1188 1045 τὰ
1214 1008 1277 1059 μὲν
1305 1006 1401 1045 ἄλλα
1421 1007 1588 1059 φανερὸν,

194 1066 248 1105 ὅτι
280 1066 388 1118 μέχρι
420 1070 492 1105 τῶν
522 1068 709 1119 στοιχείων
743 1066 822 1118 ἔχει
855 1069 918 1118 τὴν
949 1068 1082 1118 γένεσιν
1118 1069 1174 1106 καὶ
1202 1070 1264 1119 τὴν
1292 1068 1442 1120 φθορὰν,
1471 1069 1588 1106 αὐτῶν

195 1128 237 1166 δὲ
264 1127 401 1167 τούτων
434 1130 512 1169 πῶς
535 1129 667 1178 γίνεται
693 1128 751 1166 καὶ
777 1128 962 1179 φθείρεται
989 1129 1029 1167 τὸ
1058 1129 1305 1180 σωρευόμενον
1327 1130 1481 1178 μέγεθος
1507 1128 1589 1166 οὔτε

197 1189 310 1239 δῆλον
343 1188 427 1227 οὔτε
461 1189 645 1240 ἐνδέχεται
680 1189 794 1239 λέγειν
827 1189 928 1241 αὐτῷ
955 1191 1004 1240 μὴ
1032 1189 1170 1239 λέγοντι
1196 1191 1253 1227 καὶ
1279 1192 1342 1227 τοῦ
1370 1192 1479 1240 πυρὸς
1506 1187 1592 1227 εἶναι

194 1253 383 1302 στοιχεῖον,
411 1249 545 1299 ὁμοίως
571 1250 613 1287 δὲ
640 1249 698 1287 καὶ
723 1253 794 1287 τῶν
822 1249 947 1288 ἄλλων
975 1250 1166 1288 ἁπάντων·
1194 1251 1336 1299 (Arist.
1360 1252 1417 1289 de⁴
1435 1263 1525 1301 gen.
1550 1255 1591 1288 et

196 1324 299 1351 corr.
326 1312 358 1362 I,
372 1312 407 1350 8.
424 1311 512 1359 325,
526 1312 564 1360 b,
581 1311 641 1350 19.
668 1332 719 1337 —
746 1325 783 1351 v.
812 1311 932 1350 etiam
959 1313 1009 1351 de
1039 1312 1155 1351 coelo
1187 1313 1257 1361 111,
1272 1314 1308 1362 6,
1322 1312 1410 1361 305,
1431 1314 1486 1360 a.)

301 1372 401 1410 Tum
428 1383 525 1410 vero
554 1372 763 1411 Lucretius
792 1373 950 1412 dicens:

246 1432 418 1485 (1,753):
445 1461 456 1471 .
486 1464 495 1473 .
524 1463 534 1472 .
562 1433 806 1484 „primordia
831 1447 962 1473 rerum

441 1493 609 1543 „Mollia
636 1495 911 1533 constituunt“

196 1555 274 1605 (sc.
292 1552 563 1604 Empedocles
591 1557 633 1593 et
660 1554 727 1605 qui
753 1555 856 1594 hunc
886 1550 1015 1594 secuti
1043 1555 1153 1602 sunt)
1178 1555 1358 1596 breviter
1376 1555 1449 1594 sed
1475 1554 1592 1593 nimis

197 1617 371 1656 obscure
398 1615 441 1653 id
468 1614 682 1665 significat,
710 1616 819 1666 quod
836 1616 1108 1665 Empedocles
1134 1617 1185 1654 de
1210 1617 1425 1666 primorum
1451 1627 1593 1664 corpo·

195 1689 284 1716 rum
308 1678 454 1715 natura
480 1676 650 1715 censuit.
702 1676 744 1715 Is
771 1677 876 1714 enim
903 1689 1020 1726 quum
1037 1676 1343 1726 primordiorum
1362 1676 1595 1726 qualitatem

197 1736 342 1776 mutari
366 1747 492 1786 posse
518 1748 687 1786 prorsus
713 1742 897 1788 negaret,
925 1737 1057 1776 omnia
1083 1740 1238 1775 tantum
1256 1750 1309 1776 ex
1326 1737 1441 1774 varia
1459 1749 1596 1775 eorum

198 1798 468 1849 permixtione
509 1797 713 1847 proficisci
747 1798 888 1836 voluit„
957 1797 1082 1843 Quem
1121 1798 1174 1835 ad
1211 1798 1330 1837 finem
1367 1797 1596 1848 primordiis

199 1858 361 1897 minima
400 1858 601 1908 quaedam
640 1858 857 1903 intervalla
894 1857 1097 1908 interjecit
1134 1858 1272 1908 itaque
1304 1858 1480 1908 putavit.
1519 1858 1597 1907 pri-

202 1919 361 1958 mordia
397 1918 470 1957 illa
503 1919 562 1957 ita
593 1923 747 1957 tantm
778 1919 887 1957 inter
921 1930 969 1957 se
992 1918 1174 1967 misceri,
1206 1924 1251 1957 ut
1283 1919 1387 1957 alius
1414 1920 1598 1968 eorporis

203 1979 431 2031 particulae
456 1979 499 2017 in
525 1979 739 2017 intervalla
766 1991 817 2017 ea
842 1979 1007 2026 intrent,
1033 1991 1137 2029 quae
1156 1980 1238 2017 sint
1253 1980 1362 2017 inter
1377 1979 1600 2028 paniculas

203 2040 390 2091 corporis
414 2038 605 2087 aliua-¹¹)
630 2061 680 2066 ——
713 2039 798 2078 Sed
822 2051 954 2089 neque
981 2040 1207 2088 particulae
1232 2040 1328 2078 illae
1357 2040 1482 2077 ato-i
1507 2043 1603 2078 sunt

202 2115 248 2138 ιι
257 2114 337 2150 que·
366 2100 584 2139 inter-talk
616 2100 680 2139 id.
714 2100 825 2150 quod
847 2100 1038 2149 Epicurei
1064 2100 1185 2138 inane
1211 2101 1417 2138 voc-hant
1440 2103 1496 2149 (v.
1520 2100 1601 2137 loc.

203 2170 300 2201 :mne
325 2162 415 2209 cit.)
466 2160 582 2207 Qne
608 2173 729 2210 quu-
755 2161 815 2198 ita
839 2161 933 2209 sint⁷
956 2174 1038 2199 non
1062 2160 1603 2203 ita-aledidthuereti-s.

203 2222 489 2273 Enpedodem
513 2222 734 2272 pri-ordia
755 2221 896 2258 -ο-Ἧι
919 2223 1126 2268 etan-isse,
1153 2235 1324 2271 rue-pe
1321 2229 1369 2259 ut
1387 2233 1602 2270 corporu-

202 2283 431 2335 particulae
457 2283 618 2322 facilius
642 2282 863 2332 meliusque
889 2282 1221 2331 permisce-nm

291 2412 1369 2457 ⁴¹)A1immNJ—kooehlllff—gueteomptL8.
1387 2412 1605 2446 Brevin-c

209 2454 1608 2522 Qfflm(ssfflfflbjmkmnuspqm0mmm

208 2508 570 2560 ιιέἘμιεῧοιλέα;
588 2509 940 2586 --Σ-φὸὃςιαγε-
958 2505 1609 2569 afflatu-,mmmm

386 2610 771 2660 ἐκοιςτίίνπὸρον,
814 2607 1609 2658 ταςὸὲὲλάπωςῆμεῖωςεῖια;-

351 2662 476 2700 ‘tm-5³22.
505 2671 727 2702 —Uetaerum
751 2679 781 2699 ι.
801 2668 928 2699 Mer.
949 2679 983 2710 p.
996 2666 1148 2709 513sqq.
