1804 2936
866 159 948 230 25.

200 295 304 334 μενον
321 280 389 331 γὰρ
408 281 448 317 τὸ
467 281 536 330 πῦρ
555 279 816 330 ἐξυγραίνεσθαι
833 279 1082 332 συνιστάμενόν
1097 295 1128 318 τι
1144 281 1302 331 γίνεσθαι
1320 280 1430 332 ὕδωρ,
1458 281 1588 332 πηγνύ-

200 357 305 395 μενον
332 341 374 379 δὲ
401 340 441 378 τὸ
465 340 562 390 ὕδωρ
590 338 639 381 εἰς
664 343 729 390 γῆν
756 339 956 391 τρέπεσθαι.
984 341 1042 379 καὶ
1068 342 1197 392 ταύτην
1224 342 1309 380 ὁδὸν
1337 342 1395 380 ἐπὶ
1419 343 1460 380 τὸ
1487 343 1588 380 κάτω

202 398 298 443 ὲῖναι,
341 402 446 439 πάλιν
472 414 513 438 τε
539 399 648 450 αὐτὴν
668 402 731 451 τὴν
756 403 822 451 γῆν
851 401 1002 453 χεῖσθαι,
1022 400 1063 446 μἐξ
1089 401 1134 452 ἧς
1158 402 1199 439 τὸ
1228 402 1324 453 ὕδωρ
1351 401 1519 452 γίνεσθαι,
1550 401 1590 439 ἐκ

203 464 244 503 δὲ
269 462 397 502 τούτου
424 461 469 499 τὰ
497 460 778 513 λοιπάᾙοχεδὸν
805 462 921 500 πάντα
942 462 1001 500 ἐπὶ
1025 461 1089 512 τὴν
1109 460 1339 513 ἀναθυμίασιν
1358 462 1498 513 ἀνάγων
1525 463 1590 512 τ’ὴν

203 523 274 562 ἀπὸ
298 524 362 572 τῆς
390 521 584 571 θαλάττης.
645 520 734 571 αὕτη
762 520 804 559 δέ
830 520 920 558 ἐστιν
946 522 970 571 ἡ
997 521 1053 559 ἰπὶ
1079 521 1120 559 τὸ
1144 520 1221 560 ἄνω
1245 522 1341 564 ὁδός.
1368 544 1417 550 -
1445 524 1589 573 Itaque

204 596 320 636 quum
353 595 436 622 non
466 584 656 632 quattuor
683 581 755 625 sed
782 582 859 621 tria
886 582 935 621 ab
962 581 1173 622 Heraclito
1202 586 1426 623 statuantur
1460 597 1591 623 rerum

203 645 404 696 principia
431 667 481 672 —
499 645 645 693 (eaque
663 665 714 670 —
732 646 776 681 ut
789 642 937 681 Zelleri
954 643 1028 682 viri
1044 643 1251 683 clarissimi
1266 645 1399 683 verbis
1417 648 1590 683 utamur:

203 707 286 746 Das
300 706 441 755 Feuer,
470 705 542 743 das
561 705 675 743 Meer
700 703 780 742 und
801 703 866 742 die
885 703 1005 754 Erde,
1034 705 1107 744 das
1121 704 1299 754 Warme,
1327 705 1398 744 das
1414 705 1591 744 Feuchte

206 768 285 807 und
323 768 395 806 das
422 767 566 814 Feste;
603 769 720 804 unter
755 765 845 804 dem
871 764 1003 804 Feuer
1035 766 1088 804 ist
1123 766 1295 806 namlich
1323 767 1410 804 dem
1439 767 1591 816 Obigen

206 828 366 878 zufolge
403 828 467 867 die
504 827 672 876 trockne
712 826 793 865 und
836 825 899 864 die
942 838 1086 865 warme
1113 827 1209 865 Luft
1246 826 1591 878 miteinbegriffen,

205 890 284 928 und
312 890 351 927 in
381 890 469 927 dem
497 889 611 927 Meer
647 888 737 927 sind
763 889 894 926 neben
923 888 1013 926 dem
1040 889 1227 939 tropsbar
1252 888 1466 938 Fliissigen
1496 889 1595 926 auch

207 950 272 988 die
300 949 488 988 feuchten
510 949 665 988 Diinste
693 949 860 998 befasst,
889 961 958 988 zur
976 949 1083 987 Erde
1113 949 1308 988 ohnedem
1335 948 1495 986 werden
1517 949 1594 987 alle

208 1011 341 1050 festcn
358 1009 518 1060 Korper
529 1010 756 1061 iiberhaupt
770 1010 869 1048 auch
883 1010 988 1049 noch
1002 1023 1080 1049 von
1097 1011 1170 1049 der
1185 1013 1349 1061 spatern
1364 1008 1512 1058 Physik
1528 1021 1594 1059 ge—

207 1071 376 1110 rechnet
394 1084 430 1111 u.
448 1085 478 1110 s.
493 1085 539 1110 w.
556 1073 587 1110 Ι.
604 1084 641 1122 p.
657 1072 764 1121 470).
793 1094 840 1100 —
876 1075 1059 1122 apparet,
1088 1083 1218 1121 neque
1242 1070 1499 1109 Plutarchum
1528 1082 1595 1108 ne-

208 1145 284 1182 que
305 1132 531 1171 Lucretium
550 1132 695 1171 Graeci
721 1132 826 1171 illius
854 1128 1084 1182 philosophi
1106 1132 1344 1170 sententiam
1364 1130 1464 1170 satis
1484 1133 1596 1168 recte

208 1191 546 1244 interpretariffl).
601 1193 702 1231 Tum
730 1205 826 1231 vero
851 1193 1061 1232 Lucretius
1089 1193 1166 1231 ait:

260 1254 431 1304 (J‚655):
451 1254 498 1292 Id
528 1266 697 1304 quoque,
726 1254 759 1292 si
787 1254 937 1292 saciant
965 1254 1179 1292 admixtum
1198 1254 1319 1291 rebus
1346 1253 1481 1300 inane,

454 1315 614 1353 denseri
639 1317 830 1364 poterunt
856 1314 969 1364 ignes
996 1315 1155 1366 rarique
1183 1313 1372 1364 relinqui;

453 1375 525 1415 sed
553 1375 647 1425 quia
673 1375 797 1413 multa
823 1375 899 1414 sibi
928 1380 1096 1415 cernunt
1123 1375 1328 1415 contraria
1356 1374 1503 1413 adesse

452 1439 495 1474 et
520 1435 697 1485 fugitant
720 1435 761 1473 in
786 1436 906 1475 rebus
933 1436 1051 1475 inane
1081 1436 1307 1487 relinquere
1334 1447 1486 1486 purum,

456 1495 582 1533 ardua
609 1496 699 1533 dum
724 1498 914 1545 metuunt,
941 1496 1127 1535 amittunt
1152 1509 1249 1535 vera
1272 1496 1355 1535 viai
1384 1518 1438 1531 —.
1462 1499 1541 1533 etc.

209 1554 319 1606 Ergo
347 1555 591 1605 Heraclitus,
621 1556 804 1606 quoniam
832 1568 913 1595 non
941 1560 1016 1607 est,
1045 1558 1150 1608 quod
1175 1557 1293 1597 fidem
1313 1556 1502 1596 Lucretio
1531 1556 1597 1594 ab·

209 1629 410 1668 rogemus,
447 1628 532 1655 cum
560 1617 601 1655 in
635 1617 730 1667 igne
766 1621 847 1656 tum
880 1617 922 1656 in
948 1618 1068 1658 rebus
1104 1619 1283 1659 omnibus
1314 1618 1408 1657 inde
1446 1617 1598 1656 exortis

210 1678 342 1729 inane,
365 1679 478 1729 quod
506 1677 662 1727 dicitur,
688 1678 875 1729 repudiat
902 1681 1021 1729 atque
1042 1683 1244 1719 removet:
1271 1679 1312 1718 id
1342 1679 1449 1730 quod
1469 1690 1598 1728 neque

192 1736 312 1779 ‘alius
342 1740 550 1789 quisquam
574 1751 704 1788 neque
732 1738 912 1779 Zellerus
941 1740 1232 1779 animadvertit.

315 1799 502 1839 Ceterum
537 1800 643 1850 quod
679 1799 730 1838 ad
752 1799 1038 1839 Lucretianum
1062 1800 1158 1839 illud
1188 1800 1332 1839 attinet
1362 1800 1520 1852 „clarus
1542 1799 1600 1839 ,ob

216 1861 427 1900 obscuram
441 1861 640 1912 linguam“
655 1859 703 1911 (Ι,
712 1861 818 1909 639),
846 1865 981 1899 notum
1001 1864 1075 1910 est,
1089 1861 1313 1910 Heraclito,
1341 1874 1457 1912 quum
1476 1861 1602 1899 minus

214 1922 432 1971 perspicue
468 1922 681 1971 scripsisse
715 1921 940 1970 videretur,
975 1922 1142 1972 primum
1177 1935 1200 1960 a
1225 1921 1603 1961 Pseudoaristotele

215 1980 283 2032 (de
317 1983 469 2021 mundo*
492 1994 525 2021 c.
541 1982 578 2021 5.
594 1982 681 2031 396,
697 1982 734 2031 b,
751 1981 829 2030 20),
871 1981 1017 2021 deinde
1056 1995 1080 2020 a
1118 1982 1323 2033 permultis
1363 1982 1602 2033 posterioris

212 2043 407 2093 temporis
442 2043 672 2081 auctoribus
708 2041 831 2080 veluti
865 2054 889 2080 a
923 2041 1122 2082 Strab‘one
1158 2043 1244 2093 (lib.
1257 2042 1369 2094 XIV,
1385 2043 1527 2094 p.642)
1563 2047 1604 2081 et

216 2098 374 2143 Seneca
402 2104 535 2154 (epist.
553 2104 618 2153 12)
646 2115 870 2153 cognomen
888 2103 1055 2142 inditum
1074 2105 1165 2144 ess'e
1190 2107 1242 2155 τῷ
1260 2107 1439 2155 σκοτεινῷ.
1479 2105 1602 2143 Immo

219 2177 320 2204 vero
346 2169 450 2213 sunt,
487 2165 551 2214 qui
581 2177 669 2203 eum
697 2165 746 2202 de
775 2165 971 2205 industria
996 2166 1053 2203 ita
1081 2166 1294 2216 scripsisse
1322 2165 1517 2215 putarint,
1554 2176 1603 2201 ne

218 2225 269 2264 ab
298 2225 478 2265 omnibus
505 2226 820 2276 intellegeretur.
872 2225 920 2263 In
948 2238 1026 2276 qua
1052 2228 1240 2277 opinione
1275 2226 1434 2264 fuerunt
1461 2225 1604 2264 Cicero

217 2286 317 2336 (nat.
334 2286 443 2325 deor.
458 2286 490 2335 I,
498 2286 561 2336 26,
573 2286 632 2324 74.
655 2285 728 2334 111,
745 2286 804 2334 14,
815 2286 885 2334 353
901 2286 951 2324 de
962 2287 1081 2326 divin.
1096 2287 1148 2338 ΙΙ,
1164 2288 1225 2334 64,
1236 2287 1327 2335 133;
1342 2286 1406 2325 fin.
1419 2286 1515 2335 1·I‚5‚
1528 2285 1604 2334 15),

218 2346 425 2398 Diogenes
440 2346 638 2385 'Laertius
672 2344 759 2395 (IX,
775 2345 829 2395 6),
856 2344 1041 2386 Clemens
1059 2346 1357 2386 Alexandrinus
1376 2345 1539 2395 (Strom.
1555 2345 1605 2393 V,

219 2407 307 2456 571,
324 2406 400 2456 0.),
430 2412 570 2445 auctor
589 2406 871 2456 allegoriarum
885 2407 1188 2445 Homericarum
1206 2407 1470 2455 (Heraclitus,
1490 2406 1607 2454 alleg.

187 2507 195 2511 ,
217 2466 336 2506 Hom.
353 2480 387 2506 c.
402 2467 453 2505 24
466 2480 505 2517 p.
522 2467 569 2505 51
594 2467 653 2505 ed.
669 2466 841 2518 Mehler)
851 2497 860 2517 ‚
897 2465 1042 2514 alii22).

302 2548 343 2587 ²¹)
365 2547 418 2578 De
442 2547 542 2579 huius
565 2546 615 2578 rei
638 2556 744 2578 causa
768 2557 798 2579 v.
819 2547 988 2578 Zellerum
1010 2558 1043 2589 p.
1064 2547 1141 2584 471;
1171 2546 1201 2577 is
1224 2548 1337 2577 autem
1361 2556 1428 2578 non
1451 2547 1607 2578 Lucretii

218 2605 348 2629 versus·
364 2606 470 2639 supra
492 2596 620 2628 citatos
635 2596 698 2628 sed
720 2599 853 2629 tantum
872 2598 1081 2629 Graecorum
1097 2600 1276 2629 auctorum
1298 2596 1605 2639 interpretationes

219 2649 473 2683 commemorat.

304 2700 345 2739 ²²)
381 2699 429 2736 Et
461 2698 611 2731 fortasse
644 2699 846 2738 Lucretius,
883 2699 986 2741 panio
1015 2698 1176 2730 acerbius
1205 2700 1244 2729 ut
1275 2697 1384 2730 videri
1418 2698 1533 2739 possit
1550 2696 1610 2728 «de
