1804 2936
780 155 829 194 47

298 275 442 322 Dicere
469 287 590 325 porro
619 276 757 315 oculos
786 277 929 315 nullam
956 290 1038 315 rem
1067 289 1231 316 cernere
1260 290 1394 328 posse,

300 335 381 374 Sed
407 349 481 386 per
504 349 576 376 eos
603 337 771 375 animum
797 341 839 376 ut
868 337 1020 377 foribus
1051 342 1237 388 spectare
1265 339 1446 386 reclusis,

297 396 534 448 Desiperest
560 411 594 438 e.
623 411 660 448 q.
689 410 719 436 s.

219 460 277 496 Ac
296 458 462 507 primum
481 459 636 509 quidem
654 458 922 508 Pythagoram
943 460 1086 498 scimus
1107 460 1305 508 docuisse,
1330 462 1499 500 animam

119 523 490 570 cognoscereatque
520 519 695 567 sentire;
725 518 799 557 sed
825 519 865 556 id
894 520 1045 558 tamdiu
1073 523 1223 558 tantum
1252 534 1374 571 posse
1393 522 1497 571 fieri,

117 580 302 631 quamdiu
337 581 471 620 anima
504 579 547 618 in
582 590 752 629 corpore
790 583 1065 631 commoretur.
1117 580 1217 619 Nam
1253 583 1293 620 in
1328 595 1497 633 corpore

116 644 223 683 illam
259 645 451 691 tanquam
486 641 525 679 in
562 652 727 679 carcere
761 639 1052 689 conclusamess)
1085 642 1161 680 hoc
1193 642 1281 692 ipso
1310 643 1367 681 ita
1397 656 1498 693 opus

116 705 283 752 habere,
310 706 354 741 ut
375 702 463 752 ipse
493 702 650 751 quidem
678 702 913 740 facultatem
941 702 1138 740 sentiendi
1164 703 1384 752 possideat,
1413 716 1497 742 eor·
1526 717 1531 721 ·

117 777 190 816 pus
230 775 327 803 vero
371 763 556 801 auxilium
597 762 648 800 sit
681 762 1024 813 adjumentumque
1060 765 1265 800 externum
1298 762 1413 812 hujus
1441 764 1497 803 fa-

117 824 276 864 cultatis
306 820 639 871 adhibendae.84)
691 823 824 872 Atque
853 822 1021 861 eandem
1039 822 1116 859 vim
1135 821 1360 871 Epicharmi
1378 825 1499 864 habet

115 885 232 923 illud:
259 885 340 924 νοῦς
367 884 436 934 ὁρᾷ
461 883 519 920 καὶ
545 884 625 921 νοῦς
652 882 785 930 ἀκούει,
813 881 930 919 τᾶλλα
957 880 1065 931 κωφὰ
1091 881 1148 917 καὶ
1171 884 1365 933 τυφλά.85)

216 945 370 984 Deinde
396 944 514 984 Plato
551 948 592 984 et
625 945 711 995 ipse
738 943 1009 994 Pythagoram
1045 953 1237 992 sequens,
1276 957 1500 995 quanquam

117 1007 284 1045 animam
312 1007 572 1044 immortalem
600 1006 685 1044 sine
708 1016 878 1054 corpore
902 1008 943 1042 et
961 1004 1084 1043 fuisse
1106 1008 1148 1042 et
1167 1016 1322 1053 semper
1340 1010 1500 1044 exstare

119 1065 325 1118 credit‚8⁰)
352 1070 486 1106 tamen
516 1066 694 1118 singulas
724 1066 808 1117 ejus
836 1069 974 1116 partes
1002 1065 1039 1103 in
1072 1065 1152 1104 suis
1181 1077 1359 1115 quasque
1379 1066 1500 1116 parti-

116 1131 189 1168 bus
217 1129 400 1178 corporis
426 1129 484 1167 ita
513 1129 704 1178 collocet⁷
735 1133 779 1167 ut
802 1128 983 1178 corporis
1012 1129 1164 1166 demum
1192 1138 1317 1176 opera
1343 1127 1502 1176 possint

117 1189 278 1229 sentire.
288 1188 341 1237 87)

220 1250 308 1290 Has
348 1262 446 1289 vero
484 1249 693 1299 opiniones
731 1250 878 1300 optime
914 1248 1089 1288 excoluit
1115 1249 1376 1299 Aristoteles,
1418 1252 1501 1301 qui:

126 1310 276 1361 Anima,
304 1311 440 1361 iuquit,
470 1314 511 1349 et
539 1323 684 1360 corpus
713 1314 754 1349 et
782 1314 873 1349 sunt
898 1310 1004 1348 idem
1032 1314 1074 1348 et
1099 1323 1179 1348 non
1210 1314 1318 1358 sunt;
1344 1312 1501 1350 ratione

118 1371 273 1422 quidem
303 1375 344 1410 et
370 1375 514 1410 natura
540 1371 646 1410 inter
674 1383 717 1410 se
747 1370 951 1421 differunt,
985 1372 1070 1409 vita
1095 1383 1191 1410 vero
1217 1371 1499 1422 angustissime

118 1433 332 1482 conjuncta
361 1432 529 1480 sunt88).
572 1432 673 1470 Nam
700 1443 829 1481 neque
858 1432 985 1470 anima
1009 1436 1050 1470 et
1078 1444 1247 1482 corpore
1276 1433 1499 1483 conjunctis

116 1493 199 1533 vita
226 1505 353 1544 neque
384 1493 650 1532 animantibus
685 1493 917 1543 quibusdam
956 1497 997 1531 et
1025 1494 1232 1544 corporeis
1259 1495 1379 1533 rebus
1408 1507 1499 1534 con-

117 1554 324 1604 glutinatis
353 1553 498 1593 animal
525 1553 714 1603 efficitur;
744 1554 814 1593 sed
842 1554 932 1604 ipsa
958 1553 1088 1592 anima
1106 1554 1164 1592 vis.
1185 1559 1248 1593 est
1265 1559 1396 1595 motus
1417 1556 1499 1595 effi-

118 1614 239 1663 ciens,
268 1627 413 1666 corpus
442 1618 572 1654 autem
601 1618 788 1667 tanquam
816 1615 1128 1665 instrumentum,
1158 1627 1235 1665 quo
1259 1620 1388 1657 motus
1408 1617 1500 1657 illos

45 1729 47 1731 ‚
116 1680 158 1714 et
184 1677 308 1715 efficit
336 1680 377 1715 et
404 1688 501 1726 prae
531 1688 574 1715 se
603 1676 683 1714 fert
717 1677 858 1715 anima,
930 1677 1072 1725 Itaque
1108 1676 1225 1714 sicuti
1252 1678 1312 1716 vis
1338 1678 1502 1716 videndi

118 1749 197 1776 non
226 1739 277 1777 ab
305 1738 444 1789 oculo,v
469 1736 527 1775 ita
554 1736 683 1775 anima
708 1749 789 1776 non
816 1740 954 1788 potest
982 1748 1006 1774 a
1034 1747 1205 1787 corpore
1235 1737 1404 1787 sejungi.
1433 1738 1500 1784 (cf.

114 1798 237 1838 Arist.
253 1798 424 1848 metaph.
440 1798 551 1847 VIII,
567 1797 725 1847 6‚1045.
744 1820 795 1825 —-
810 1798 859 1836 de
881 1797 997 1839 anim.
1010 1798 1211 1846 11‚1,413:
1240 1793 1291 1839 ὥς
1319 1796 1345 1836 δ’
1369 1798 1392 1849 ἡ
1423 1797 1501 1850 ὄψις

113 1857 169 1895 καὶ
196 1858 219 1909 ἡ
248 1858 403 1910 δόμαμις
429 1860 492 1896 τοῦ
528 1858 680 1909 ὀργάνου
707 1859 730 1908 ἡ
759 1859 858 1909 ψυχή
890 1861 965 1907 (sc.
993 1858 1199 1910 ἐντελέχεισί
1226 1859 1360 1906 ἐστιν)·
1393 1861 1433 1896 τὸ
1460 1859 1501 1897 δὲ

114 1921 216 1969 σῶμα
243 1919 283 1957 τὸ
314 1920 460 1970 δυνάμει
487 1918 543 1958 ὅν·
583 1917 659 1958 ἀλλ’
692 1919 812 1969 ὥσπερ
841 1919 860 1957 ὁ
889 1919 1079 1970 ὀφθαλμὸς
1105 1920 1128 1969 ἡ
1156 1918 1245 1970 κόρη
1274 1920 1330 1959 καὶ
1357 1921 1380 1971 ἡ
1410 1918 1499 1971 ὄψις,

116 1979 220 2017 κάκεῖ
242 1980 265 2031 ἡ
291 1981 389 2032 ψυχὴ
416 1980 474 2019 καὶ
499 1980 540 2018 τὸ
569 1982 674 2031 σῶμα
699 1980 740 2018 τὸ
769 1979 890 2031 ζῷον).
910 2002 958 2007 -
989 1980 1139 2028 Quibus
1162 1982 1280 2020 dictis
1301 1981 1333 2020 si
1355 1982 1497 2020 Lucre-

128 2040 245 2082 ianos
272 2053 413 2081 versus
434 2053 555 2092 supra
573 2041 720 2080 allatos
740 2053 1015 2091 comparamus
1035 2041 1217 2092 apparet,
1246 2042 1319 2081 hos
1340 2042 1496 2092 quidem

111 2103 280 2143 maxime
319 2117 406 2143 cum
443 2103 787 2154 Pythagoreorum
833 2106 951 2153 atque
994 2103 1224 2143 Aristotelis
1272 2104 1321 2142 de
1365 2103 1495 2141 anima

112 2162 294 2204 doctrina
324 2164 566 2207 consentire.

192 2297 233 2347 ⁸³)
254 2307 386 2346 Bbekh,
412 2307 588 2339 Philolaus
614 2307 667 2339 181
694 2309 729 2338 et
751 2306 874 2339 Philol.
897 2316 950 2348 ap.
974 2307 1111 2339 Platon.
1137 2308 1325 2345 Phaed.62,
1349 2308 1389 2338 B.

193 2358 233 2398 ⁸⁴)
259 2358 390 2397 Bockh,
413 2357 534 2390 Philol.
559 2356 632 2388 177:
657 2357 810 2397 diligitur
830 2356 958 2399 'corpus
974 2357 1017 2389 ab
1034 2358 1154 2395 anima,
1178 2357 1257 2400 quia
1274 2358 1346 2389 sine
1364 2366 1404 2388 eo
1423 2367 1490 2389 uon

111 2401 229 2446 potest
250 2409 301 2440 uti
323 2407 501 2440 sensibuSt
524 2416 545 2438 a
567 2416 633 2448 quo
656 2410 840 2449 postquam
862 2409 971 2440 morte
995 2409 1143 2439 deducta
1158 2412 1212 2439 est
1227 2408 1300 2448 agit
1317 2408 1348 2439 in
1366 2408 1489 2439 mundo

110 2454 361 2501 incorporalem
384 2459 498 2493 vitam.

192 2510 232 2550 ⁸³)
256 2510 378 2553 Epich.
400 2510 519 2549 fragm.
540 2519 570 2542 v.
591 2508 652 2541 253
674 2509 725 2541 ed.
752 2510 912 2542 Mullach.

193 2560 233 2600 ⁸⁸)
261 2560 375 2592 Zeller
395 2559 440 2598 Π,
456 2560 489 2599 b,
511 2570 544 2602 p.
559 2559 732 2592 530-544.
756 2578 795 2583 —
816 2559 906 2592 Plat.
927 2560 1069 2592 Phaedo
1092 2560 1131 2592 79
1148 2560 1191 2590 A.

195 2611 236 2650 Ι”)
260 2620 290 2644 v.
314 2610 428 2643 Zeller
448 2611 469 2645 l.
487 2621 516 2645 c.
538 2609 600 2644 548
611 2620 687 2654 sqq.

199 2662 241 2702 ⁸⁸)
262 2662 411 2694 Aristot.
434 2662 476 2694 de
499 2672 552 2695 an.
573 2661 617 2699 H,
635 2663 662 2694 1.
678 2662 749 2695 412.
