<?xml version="1.0" encoding="UTF-8"?>
<!DOCTYPE html PUBLIC "-//W3C//DTD XHTML 1.0 Transitional//EN"
    "http://www.w3.org/TR/xhtml1/DTD/xhtml1-transitional.dtd">
<html xmlns="http://www.w3.org/1999/xhtml" xml:lang="en" lang="en">
 <head>
  <title>
</title>
<meta http-equiv="Content-Type" content="text/html;charset=utf-8" />
  <meta name='ocr-system' content='tesseract 3.04.00' />
  <meta name='ocr-capabilities' content='ocr_page ocr_carea ocr_par ocr_line ocrx_word'/>
</head>
<body>
  <div class='ocr_page' id='page_1' title='image "4737248_0058.png"; bbox 0 0 1804 2936; ppageno 0'>
   <div class='ocr_carea' id='block_1_1' title="bbox 880 199 932 238">
    <p class='ocr_par' dir='ltr' id='par_1_1' title="bbox 880 199 932 238">
     <span class='ocr_line' id='line_1_1' title="bbox 880 199 932 238; baseline 0 0"><span class='ocrx_word' id='word_1_1' title='bbox 880 199 932 238; x_wconf 88' lang='lat'><strong>44</strong></span> 
     </span>
    </p>
   </div>
   <div class='ocr_carea' id='block_1_2' title="bbox 182 322 1609 977">
    <p class='ocr_par' dir='ltr' id='par_1_2' title="bbox 182 322 1609 977">
     <span class='ocr_line' id='line_1_2' title="bbox 208 322 1601 373; baseline -0.002 -11"><span class='ocrx_word' id='word_1_2' title='bbox 208 323 464 373; x_wconf 85' lang='lat' dir='ltr'><strong>„Praeterea,</strong></span> <span class='ocrx_word' id='word_1_3' title='bbox 493 322 632 371; x_wconf 88' lang='lat' dir='ltr'><strong>inquit,</strong></span> <span class='ocrx_word' id='word_1_4' title='bbox 663 323 696 362; x_wconf 89' lang='lat' dir='ltr'><strong>si</strong></span> <span class='ocrx_word' id='word_1_5' title='bbox 722 322 943 361; x_wconf 87' lang='lat' dir='ltr'><strong>inmortalis</strong></span> <span class='ocrx_word' id='word_1_6' title='bbox 973 326 1118 362; x_wconf 85' lang='lat' dir='ltr'><strong>natura</strong></span> <span class='ocrx_word' id='word_1_7' title='bbox 1146 323 1289 361; x_wconf 79' lang='lat' dir='ltr'><strong>animai</strong></span> <span class='ocrx_word' id='word_1_8' title='bbox 1310 326 1472 361; x_wconf 86' lang='lat' dir='ltr'><strong>constat</strong></span> <span class='ocrx_word' id='word_1_9' title='bbox 1494 326 1536 360; x_wconf 86' lang='lat' dir='ltr'><strong>et</strong></span> <span class='ocrx_word' id='word_1_10' title='bbox 1561 322 1601 359; x_wconf 89' lang='lat' dir='ltr'><strong>in</strong></span> 
     </span>
     <span class='ocr_line' id='line_1_3' title="bbox 208 383 1601 433; baseline 0 -12"><span class='ocrx_word' id='word_1_11' title='bbox 208 395 354 433; x_wconf 89' lang='lat' dir='ltr'><strong>corpus</strong></span> <span class='ocrx_word' id='word_1_12' title='bbox 385 383 646 422; x_wconf 86' lang='lat' dir='ltr'><strong>nascentibus</strong></span> <span class='ocrx_word' id='word_1_13' title='bbox 674 383 907 431; x_wconf 84' lang='lat' dir='ltr'><strong>insinuatur,</strong></span> <span class='ocrx_word' id='word_1_14' title='bbox 937 396 1007 421; x_wconf 88' lang='lat' dir='ltr'><strong>cur</strong></span> <span class='ocrx_word' id='word_1_15' title='bbox 1026 395 1146 433; x_wconf 88' lang='lat' dir='ltr'><strong>super</strong></span> <span class='ocrx_word' id='word_1_16' title='bbox 1165 386 1258 422; x_wconf 86' lang='lat' dir='ltr'><strong>ante</strong></span> <span class='ocrx_word' id='word_1_17' title='bbox 1277 387 1408 422; x_wconf 86' lang='lat' dir='ltr'><strong>actam</strong></span> <span class='ocrx_word' id='word_1_18' title='bbox 1429 387 1601 422; x_wconf 84' lang='lat' dir='ltr'><strong>aetatem</strong></span> 
     </span>
     <span class='ocr_line' id='line_1_4' title="bbox 208 443 1604 493; baseline 0.001 -13"><span class='ocrx_word' id='word_1_19' title='bbox 208 443 436 481; x_wconf 81' lang='lat' dir='ltr'>meminisse</span> <span class='ocrx_word' id='word_1_20' title='bbox 464 443 672 492; x_wconf 81' lang='lat' dir='ltr'><strong>nequimus</strong></span> <span class='ocrx_word' id='word_1_21' title='bbox 701 455 736 482; x_wconf 85' lang='lat' dir='ltr'><strong>e.</strong></span> <span class='ocrx_word' id='word_1_22' title='bbox 762 456 799 493; x_wconf 88' lang='lat' dir='ltr'><strong>q.</strong></span> <span class='ocrx_word' id='word_1_23' title='bbox 829 443 914 482; x_wconf 83' lang='lat' dir='ltr'><strong>s.‘?“</strong></span> <span class='ocrx_word' id='word_1_24' title='bbox 968 444 1023 481; x_wconf 85' lang='lat' dir='ltr'><strong>At</strong></span> <span class='ocrx_word' id='word_1_25' title='bbox 1049 444 1225 482; x_wconf 82' lang='lat' dir='ltr'><strong>meminit</strong></span> <span class='ocrx_word' id='word_1_26' title='bbox 1252 447 1344 489; x_wconf 82' lang='lat' dir='ltr'><strong>ante</strong></span> <span class='ocrx_word' id='word_1_27' title='bbox 1366 448 1480 483; x_wconf 85' lang='lat' dir='ltr'><strong>actae</strong></span> <span class='ocrx_word' id='word_1_28' title='bbox 1497 444 1604 482; x_wconf 86' lang='lat' dir='ltr'><strong>vitae</strong></span> 
     </span>
     <span class='ocr_line' id='line_1_5' title="bbox 211 503 1603 555; baseline 0.003 -15"><span class='ocrx_word' id='word_1_29' title='bbox 211 504 353 552; x_wconf 87' lang='lat' dir='ltr'><strong>anima,</strong></span> <span class='ocrx_word' id='word_1_30' title='bbox 396 504 429 541; x_wconf 91' lang='lat' dir='ltr'><strong>si</strong></span> <span class='ocrx_word' id='word_1_31' title='bbox 471 503 675 553; x_wconf 84' lang='lat' dir='ltr'><strong>sequimur</strong></span> <span class='ocrx_word' id='word_1_32' title='bbox 706 504 928 543; x_wconf 83' lang='lat' dir='ltr'><strong>Platonem.</strong></span> <span class='ocrx_word' id='word_1_33' title='bbox 988 503 1029 543; x_wconf 87' lang='lat' dir='ltr'><strong>Is</strong></span> <span class='ocrx_word' id='word_1_34' title='bbox 1071 504 1174 543; x_wconf 90' lang='lat' dir='ltr'><strong>enim</strong></span> <span class='ocrx_word' id='word_1_35' title='bbox 1215 504 1312 543; x_wconf 90' lang='lat' dir='ltr'><strong>nihil</strong></span> <span class='ocrx_word' id='word_1_36' title='bbox 1346 504 1449 544; x_wconf 89' lang='lat' dir='ltr'><strong>disci</strong></span> <span class='ocrx_word' id='word_1_37' title='bbox 1481 516 1603 555; x_wconf 90' lang='lat' dir='ltr'><strong>posse</strong></span> 
     </span>
     <span class='ocr_line' id='line_1_6' title="bbox 211 564 1604 617; baseline 0.002 -16"><span class='ocrx_word' id='word_1_38' title='bbox 211 564 425 614; x_wconf 79' lang='lat' dir='ltr'><strong>existimat,</strong></span> <span class='ocrx_word' id='word_1_39' title='bbox 452 565 529 605; x_wconf 81' lang='lat' dir='ltr'><strong>nisi</strong></span> <span class='ocrx_word' id='word_1_40' title='bbox 549 576 609 615; x_wconf 88' lang='lat' dir='ltr'><strong>ea,</strong></span> <span class='ocrx_word' id='word_1_41' title='bbox 639 577 741 615; x_wconf 86' lang='lat' dir='ltr'><strong>quae</strong></span> <span class='ocrx_word' id='word_1_42' title='bbox 761 569 913 604; x_wconf 88' lang='lat' dir='ltr'><strong>tantum</strong></span> <span class='ocrx_word' id='word_1_43' title='bbox 938 566 1150 605; x_wconf 86' lang='lat' dir='ltr'><strong>videantur</strong></span> <span class='ocrx_word' id='word_1_44' title='bbox 1177 566 1327 617; x_wconf 85' lang='lat' dir='ltr'><strong>ignota,</strong></span> <span class='ocrx_word' id='word_1_45' title='bbox 1347 566 1432 616; x_wconf 83' lang='lat' dir='ltr'><strong>jam</strong></span> <span class='ocrx_word' id='word_1_46' title='bbox 1450 566 1604 616; x_wconf 80' lang='lat' dir='ltr'><strong>pridem</strong></span> 
     </span>
     <span class='ocr_line' id='line_1_7' title="bbox 212 625 1604 676; baseline 0.001 -14"><span class='ocrx_word' id='word_1_47' title='bbox 212 625 328 663; x_wconf 83' lang='lat' dir='ltr'><strong>nobis</strong></span> <span class='ocrx_word' id='word_1_48' title='bbox 367 629 463 662; x_wconf 86' lang='lat' dir='ltr'><strong>nota</strong></span> <span class='ocrx_word' id='word_1_49' title='bbox 496 625 647 663; x_wconf 86' lang='lat' dir='ltr'><strong>fuerint</strong></span> <span class='ocrx_word' id='word_1_50' title='bbox 680 626 738 663; x_wconf 85' lang='lat' dir='ltr'><strong>ita</strong></span> <span class='ocrx_word' id='word_1_51' title='bbox 772 631 815 663; x_wconf 92' lang='lat' dir='ltr'><strong>ut</strong></span> <span class='ocrx_word' id='word_1_52' title='bbox 848 626 1005 664; x_wconf 77' lang='lat' dir='ltr'><strong>discere</strong></span> <span class='ocrx_word' id='word_1_53' title='bbox 1040 626 1137 664; x_wconf 81' lang='lat' dir='ltr'><strong>nihil</strong></span> <span class='ocrx_word' id='word_1_54' title='bbox 1171 627 1276 665; x_wconf 89' lang='lat' dir='ltr'><strong>aliud</strong></span> <span class='ocrx_word' id='word_1_55' title='bbox 1304 626 1356 665; x_wconf 86' lang='lat' dir='ltr'><strong>sit</strong></span> <span class='ocrx_word' id='word_1_56' title='bbox 1385 638 1500 676; x_wconf 87' lang='lat' dir='ltr'><strong>quam</strong></span> <span class='ocrx_word' id='word_1_57' title='bbox 1528 638 1604 664; x_wconf 88' lang='lat' dir='ltr'><strong>me-</strong></span> 
     </span>
     <span class='ocr_line' id='line_1_8' title="bbox 212 685 1605 737; baseline 0.003 -15"><span class='ocrx_word' id='word_1_58' title='bbox 212 685 338 723; x_wconf 87' lang='lat' dir='ltr'><strong>moria</strong></span> <span class='ocrx_word' id='word_1_59' title='bbox 364 689 552 735; x_wconf 86' lang='lat' dir='ltr'><strong>repetere</strong></span> <span class='ocrx_word' id='word_1_60' title='bbox 581 697 642 734; x_wconf 88' lang='lat' dir='ltr'><strong>ea,</strong></span> <span class='ocrx_word' id='word_1_61' title='bbox 672 697 775 735; x_wconf 89' lang='lat' dir='ltr'><strong>quae</strong></span> <span class='ocrx_word' id='word_1_62' title='bbox 805 686 936 725; x_wconf 85' lang='lat' dir='ltr'><strong>anima</strong></span> <span class='ocrx_word' id='word_1_63' title='bbox 964 686 1178 737; x_wconf 84' lang='lat' dir='ltr'><strong>aliquando</strong></span> <span class='ocrx_word' id='word_1_64' title='bbox 1208 687 1394 726; x_wconf 87' lang='lat' dir='ltr'><strong>scivisset</strong></span> <span class='ocrx_word' id='word_1_65' title='bbox 1421 686 1494 726; x_wconf 85' lang='lat' dir='ltr'><strong>sed</strong></span> <span class='ocrx_word' id='word_1_66' title='bbox 1521 686 1605 725; x_wconf 89' lang='lat' dir='ltr'><strong>lon-</strong></span> 
     </span>
     <span class='ocr_line' id='line_1_9' title="bbox 212 745 1606 797; baseline 0.001 -13"><span class='ocrx_word' id='word_1_67' title='bbox 212 746 326 796; x_wconf 86' lang='lat' dir='ltr'><strong>giore</strong></span> <span class='ocrx_word' id='word_1_68' title='bbox 360 750 544 797; x_wconf 81' lang='lat' dir='ltr'><strong>tempore</strong></span> <span class='ocrx_word' id='word_1_69' title='bbox 578 747 795 796; x_wconf 84' lang='lat' dir='ltr'><strong>interjecto</strong></span> <span class='ocrx_word' id='word_1_70' title='bbox 824 747 950 786; x_wconf 79' lang='lat' dir='ltr'><strong>oblita</strong></span> <span class='ocrx_word' id='word_1_71' title='bbox 976 747 1039 786; x_wconf 89' lang='lat' dir='ltr'><strong>sit.</strong></span> <span class='ocrx_word' id='word_1_72' title='bbox 1052 745 1106 797; x_wconf 62' lang='grc' dir='ltr'><strong>Ἃ)</strong></span> <span class='ocrx_word' id='word_1_73' title='bbox 1161 746 1384 797; x_wconf 86' lang='lat' dir='ltr'><strong>Notumque</strong></span> <span class='ocrx_word' id='word_1_74' title='bbox 1414 751 1488 796; x_wconf 86' lang='lat' dir='ltr'><strong>est,</strong></span> <span class='ocrx_word' id='word_1_75' title='bbox 1516 747 1606 785; x_wconf 86' lang='lat' dir='ltr'><strong>Pla-</strong></span> 
     </span>
     <span class='ocr_line' id='line_1_10' title="bbox 212 807 1609 858; baseline 0.001 -14"><span class='ocrx_word' id='word_1_76' title='bbox 212 811 349 844; x_wconf 91' lang='lat' dir='ltr'><strong>tonem</strong></span> <span class='ocrx_word' id='word_1_77' title='bbox 378 807 651 856; x_wconf 83' lang='lat' dir='ltr'><strong>quaesivisse,</strong></span> <span class='ocrx_word' id='word_1_78' title='bbox 681 808 747 857; x_wconf 90' lang='lat' dir='ltr'><strong>qui</strong></span> <span class='ocrx_word' id='word_1_79' title='bbox 774 807 934 845; x_wconf 86' lang='lat' dir='ltr'><strong>tandem</strong></span> <span class='ocrx_word' id='word_1_80' title='bbox 962 807 1092 855; x_wconf 86' lang='lat' dir='ltr'><strong>fieret,</strong></span> <span class='ocrx_word' id='word_1_81' title='bbox 1131 810 1175 845; x_wconf 89' lang='lat' dir='ltr'><strong>ut</strong></span> <span class='ocrx_word' id='word_1_82' title='bbox 1200 807 1490 858; x_wconf 82' lang='lat' dir='ltr'><strong>interrogando</strong></span> <span class='ocrx_word' id='word_1_83' title='bbox 1520 819 1609 846; x_wconf 87' lang='lat' dir='ltr'><strong>cum</strong></span> 
     </span>
     <span class='ocr_line' id='line_1_11' title="bbox 214 867 1609 908; baseline 0.001 -3"><span class='ocrx_word' id='word_1_84' title='bbox 214 868 317 906; x_wconf 88' lang='lat' dir='ltr'><strong>aliae</strong></span> <span class='ocrx_word' id='word_1_85' title='bbox 345 872 427 905; x_wconf 84' lang='lat' dir='ltr'><strong>tum</strong></span> <span class='ocrx_word' id='word_1_86' title='bbox 452 867 763 907; x_wconf 80' lang='lat' dir='ltr'><strong>mathematicae</strong></span> <span class='ocrx_word' id='word_1_87' title='bbox 791 868 978 908; x_wconf 85' lang='lat' dir='ltr'><strong>notiones</strong></span> <span class='ocrx_word' id='word_1_88' title='bbox 1008 880 1057 907; x_wconf 86' lang='lat' dir='ltr'><strong>ex</strong></span> <span class='ocrx_word' id='word_1_89' title='bbox 1084 868 1241 907; x_wconf 89' lang='lat' dir='ltr'><strong>homine</strong></span> <span class='ocrx_word' id='word_1_90' title='bbox 1265 868 1414 907; x_wconf 80' lang='lat' dir='ltr'><strong>litteris</strong></span> <span class='ocrx_word' id='word_1_91' title='bbox 1432 868 1609 907; x_wconf 89' lang='lat' dir='ltr'><strong>nondum</strong></span> 
     </span>
     <span class='ocr_line' id='line_1_12' title="bbox 182 927 1609 977; baseline 0.001 -11"><span class='ocrx_word' id='word_1_92' title='bbox 182 939 188 943; x_wconf 86' lang='lat'><strong>·</strong></span> <span class='ocrx_word' id='word_1_93' title='bbox 216 929 371 966; x_wconf 84' lang='lat' dir='ltr'><strong>erudito</strong></span> <span class='ocrx_word' id='word_1_94' title='bbox 400 929 479 965; x_wconf 87' lang='lat' dir='ltr'><strong>dici</strong></span> <span class='ocrx_word' id='word_1_95' title='bbox 506 932 695 977; x_wconf 86' lang='lat' dir='ltr'><strong>possent,</strong></span> <span class='ocrx_word' id='word_1_96' title='bbox 723 927 801 965; x_wconf 88' lang='lat' dir='ltr'><strong>nisi</strong></span> <span class='ocrx_word' id='word_1_97' title='bbox 814 927 899 976; x_wconf 89' lang='lat' dir='ltr'><strong>jam</strong></span> <span class='ocrx_word' id='word_1_98' title='bbox 928 930 1049 966; x_wconf 87' lang='lat' dir='ltr'><strong>antea</strong></span> <span class='ocrx_word' id='word_1_99' title='bbox 1072 928 1115 965; x_wconf 92' lang='lat' dir='ltr'><strong>in</strong></span> <span class='ocrx_word' id='word_1_100' title='bbox 1137 928 1242 967; x_wconf 91' lang='lat' dir='ltr'><strong>illius</strong></span> <span class='ocrx_word' id='word_1_101' title='bbox 1271 928 1399 973; x_wconf 84' lang='lat' dir='ltr'><strong>anima</strong></span> <span class='ocrx_word' id='word_1_102' title='bbox 1427 927 1609 967; x_wconf 79' lang='lat' dir='ltr'><strong>fuissent.</strong></span> 
     </span>
    </p>
   </div>
   <div class='ocr_carea' id='block_1_3' title="bbox 214 988 1609 1090">
    <p class='ocr_par' dir='ltr' id='par_1_3' title="bbox 214 988 1609 1090">
     <span class='ocr_line' id='line_1_13' title="bbox 214 988 1609 1030; baseline 0.001 -3"><span class='ocrx_word' id='word_1_103' title='bbox 214 988 331 1027; x_wconf 85' lang='lat' dir='ltr'><strong>Haec</strong></span> <span class='ocrx_word' id='word_1_104' title='bbox 366 1000 464 1027; x_wconf 81' lang='lat' dir='ltr'><strong>vero</strong></span> <span class='ocrx_word' id='word_1_105' title='bbox 502 989 713 1028; x_wconf 83' lang='lat' dir='ltr'><strong>hactenus!</strong></span> <span class='ocrx_word' id='word_1_106' title='bbox 775 988 889 1027; x_wconf 91' lang='lat' dir='ltr'><strong>Nunc</strong></span> <span class='ocrx_word' id='word_1_107' title='bbox 931 988 982 1028; x_wconf 83' lang='lat' dir='ltr'><strong>ad</strong></span> <span class='ocrx_word' id='word_1_108' title='bbox 1024 988 1126 1030; x_wconf 87' lang='lat' dir='ltr'><strong>alios</strong></span> <span class='ocrx_word' id='word_1_109' title='bbox 1170 1002 1312 1030; x_wconf 86' lang='lat' dir='ltr'><strong>versus</strong></span> <span class='ocrx_word' id='word_1_110' title='bbox 1346 989 1609 1029; x_wconf 84' lang='lat' dir='ltr'><strong>Lucretianos</strong></span> 
     </span>
     <span class='ocr_line' id='line_1_14' title="bbox 216 1056 479 1090; baseline 0 -1"><span class='ocrx_word' id='word_1_111' title='bbox 216 1056 479 1090; x_wconf 88' lang='lat' dir='ltr'><strong>transeamus.</strong></span> 
     </span>
    </p>
   </div>
   <div class='ocr_carea' id='block_1_4' title="bbox 219 1131 1624 2156">
    <p class='ocr_par' dir='ltr' id='par_1_4' title="bbox 219 1131 1613 1303">
     <span class='ocr_line' id='line_1_15' title="bbox 322 1131 1612 1182; baseline -0.001 -13"><span class='ocrx_word' id='word_1_112' title='bbox 322 1131 402 1170; x_wconf 83' lang='lat' dir='ltr'><strong>Sua</strong></span> <span class='ocrx_word' id='word_1_113' title='bbox 441 1131 599 1182; x_wconf 85' lang='lat' dir='ltr'><strong>quidem</strong></span> <span class='ocrx_word' id='word_1_114' title='bbox 633 1131 760 1182; x_wconf 89' lang='lat' dir='ltr'><strong>ipsius</strong></span> <span class='ocrx_word' id='word_1_115' title='bbox 794 1131 952 1170; x_wconf 85' lang='lat' dir='ltr'><strong>ratione</strong></span> <span class='ocrx_word' id='word_1_116' title='bbox 982 1132 1032 1170; x_wconf 88' lang='lat' dir='ltr'><strong>de</strong></span> <span class='ocrx_word' id='word_1_117' title='bbox 1060 1132 1177 1170; x_wconf 88' lang='lat' dir='ltr'><strong>animi</strong></span> <span class='ocrx_word' id='word_1_118' title='bbox 1206 1131 1439 1180; x_wconf 87' lang='lat' dir='ltr'><strong>animaeque</strong></span> <span class='ocrx_word' id='word_1_119' title='bbox 1466 1134 1612 1169; x_wconf 87' lang='lat' dir='ltr'><strong>natura</strong></span> 
     </span>
     <span class='ocr_line' id='line_1_16' title="bbox 219 1192 1613 1242; baseline -0.001 -11"><span class='ocrx_word' id='word_1_120' title='bbox 219 1194 495 1242; x_wconf 85' lang='lat' dir='ltr'><strong>disputaturus</strong></span> <span class='ocrx_word' id='word_1_121' title='bbox 524 1198 649 1242; x_wconf 86' lang='lat' dir='ltr'><strong>poeta</strong></span> <span class='ocrx_word' id='word_1_122' title='bbox 674 1193 765 1231; x_wconf 74' lang='lat' dir='ltr'><strong>libri</strong></span> <span class='ocrx_word' id='word_1_123' title='bbox 791 1192 852 1229; x_wconf 90' lang='lat' dir='ltr'><strong>III</strong></span> <span class='ocrx_word' id='word_1_124' title='bbox 877 1193 990 1230; x_wconf 87' lang='lat' dir='ltr'><strong>initio</strong></span> <span class='ocrx_word' id='word_1_125' title='bbox 1019 1193 1126 1241; x_wconf 88' lang='lat' dir='ltr'><strong>dicit,</strong></span> <span class='ocrx_word' id='word_1_126' title='bbox 1147 1193 1234 1242; x_wconf 88' lang='lat' dir='ltr'><strong>jam</strong></span> <span class='ocrx_word' id='word_1_127' title='bbox 1263 1192 1406 1230; x_wconf 90' lang='lat' dir='ltr'><strong>multos</strong></span> <span class='ocrx_word' id='word_1_128' title='bbox 1423 1192 1613 1233; x_wconf 67' lang='lat' dir='ltr'><strong>,homines</strong></span> 
     </span>
     <span class='ocr_line' id='line_1_17' title="bbox 219 1252 1545 1303; baseline 0 -13"><span class='ocrx_word' id='word_1_129' title='bbox 219 1258 312 1291; x_wconf 89' lang='lat' dir='ltr'><strong>ante</strong></span> <span class='ocrx_word' id='word_1_130' title='bbox 342 1254 471 1303; x_wconf 91' lang='lat' dir='ltr'><strong>ipsum</strong></span> <span class='ocrx_word' id='word_1_131' title='bbox 501 1253 671 1291; x_wconf 86' lang='lat' dir='ltr'><strong>eandem</strong></span> <span class='ocrx_word' id='word_1_132' title='bbox 697 1264 781 1291; x_wconf 88' lang='lat' dir='ltr'><strong>rem</strong></span> <span class='ocrx_word' id='word_1_133' title='bbox 810 1252 990 1291; x_wconf 86' lang='lat' dir='ltr'><strong>similiter</strong></span> <span class='ocrx_word' id='word_1_134' title='bbox 1018 1253 1192 1292; x_wconf 90' lang='lat' dir='ltr'><strong>voluisse</strong></span> <span class='ocrx_word' id='word_1_135' title='bbox 1219 1252 1443 1302; x_wconf 72' lang='lat' dir='ltr'><strong>explicare3</strong></span> <span class='ocrx_word' id='word_1_136' title='bbox 1472 1252 1545 1291; x_wconf 88' lang='lat' dir='ltr'><strong>sed</strong></span> 
     </span>
    </p>

    <p class='ocr_par' dir='ltr' id='par_1_5' title="bbox 405 1313 1485 1425">
     <span class='ocr_line' id='line_1_18' title="bbox 405 1313 872 1364; baseline 0 -12"><span class='ocrx_word' id='word_1_137' title='bbox 405 1314 558 1364; x_wconf 83' lang='lat' dir='ltr'><strong>„magis</strong></span> <span class='ocrx_word' id='word_1_138' title='bbox 583 1313 716 1353; x_wconf 89' lang='lat' dir='ltr'><strong>omnia</strong></span> <span class='ocrx_word' id='word_1_139' title='bbox 741 1314 872 1352; x_wconf 88' lang='lat' dir='ltr'><strong>laudis</strong></span> 
     </span>
     <span class='ocr_line' id='line_1_19' title="bbox 406 1373 1485 1425; baseline -0.003 -11"><span class='ocrx_word' id='word_1_140' title='bbox 406 1374 585 1423; x_wconf 81' lang='lat' dir='ltr'><strong>„Jactari</strong></span> <span class='ocrx_word' id='word_1_141' title='bbox 613 1386 736 1413; x_wconf 86' lang='lat' dir='ltr'><strong>causa</strong></span> <span class='ocrx_word' id='word_1_142' title='bbox 763 1386 881 1424; x_wconf 88' lang='lat' dir='ltr'><strong>quam</strong></span> <span class='ocrx_word' id='word_1_143' title='bbox 911 1376 1017 1425; x_wconf 86' lang='lat' dir='ltr'><strong>quod</strong></span> <span class='ocrx_word' id='word_1_144' title='bbox 1042 1387 1109 1414; x_wconf 87' lang='lat' dir='ltr'><strong>res</strong></span> <span class='ocrx_word' id='word_1_145' title='bbox 1137 1375 1227 1425; x_wconf 88' lang='lat' dir='ltr'><strong>ipsa</strong></span> <span class='ocrx_word' id='word_1_146' title='bbox 1255 1373 1485 1424; x_wconf 87' lang='lat' dir='ltr'><strong>p1·0betur.“</strong></span> 
     </span>
    </p>

    <p class='ocr_par' dir='ltr' id='par_1_6' title="bbox 325 1436 1031 1485">
     <span class='ocr_line' id='line_1_20' title="bbox 325 1436 1031 1485; baseline 0 -11"><span class='ocrx_word' id='word_1_147' title='bbox 325 1436 455 1485; x_wconf 85' lang='lat' dir='ltr'><strong>Saepe</strong></span> <span class='ocrx_word' id='word_1_148' title='bbox 486 1437 588 1475; x_wconf 88' lang='lat' dir='ltr'><strong>enim</strong></span> <span class='ocrx_word' id='word_1_149' title='bbox 612 1437 793 1476; x_wconf 91' lang='lat' dir='ltr'><strong>homines</strong></span> <span class='ocrx_word' id='word_1_150' title='bbox 818 1436 1031 1484; x_wconf 84' lang='lat' dir='ltr'><strong>affirmare,</strong></span> 
     </span>
    </p>

    <p class='ocr_par' dir='ltr' id='par_1_7' title="bbox 220 1496 1530 1608">
     <span class='ocr_line' id='line_1_21' title="bbox 220 1496 1530 1547; baseline 0.001 -13"><span class='ocrx_word' id='word_1_151' title='bbox 220 1498 310 1545; x_wconf 80' lang='lat'><strong>(111,</strong></span> <span class='ocrx_word' id='word_1_152' title='bbox 326 1511 361 1534; x_wconf 88' lang='lat' dir='ltr'><strong>v.</strong></span> <span class='ocrx_word' id='word_1_153' title='bbox 378 1496 446 1547; x_wconf 86' lang='lat'><strong>43)</strong></span> <span class='ocrx_word' id='word_1_154' title='bbox 475 1527 497 1546; x_wconf 94' lang='lat'>„</span> <span class='ocrx_word' id='word_1_155' title='bbox 527 1527 535 1535; x_wconf 95' lang='lat'><strong>.</strong></span> <span class='ocrx_word' id='word_1_156' title='bbox 566 1526 574 1534; x_wconf 89' lang='lat'><strong>.</strong></span> <span class='ocrx_word' id='word_1_157' title='bbox 605 1509 649 1535; x_wconf 89' lang='lat' dir='ltr'><strong>se</strong></span> <span class='ocrx_word' id='word_1_158' title='bbox 679 1497 784 1536; x_wconf 78' lang='lat' dir='ltr'><strong>scire</strong></span> <span class='ocrx_word' id='word_1_159' title='bbox 814 1497 968 1535; x_wconf 84' lang='lat' dir='ltr'><strong>animae</strong></span> <span class='ocrx_word' id='word_1_160' title='bbox 997 1501 1177 1535; x_wconf 82' lang='lat' dir='ltr'><strong>naturam</strong></span> <span class='ocrx_word' id='word_1_161' title='bbox 1206 1497 1408 1547; x_wconf 85' lang='lat' dir='ltr'><strong>sanguinis</strong></span> <span class='ocrx_word' id='word_1_162' title='bbox 1439 1509 1530 1536; x_wconf 86' lang='lat' dir='ltr'><strong>esse</strong></span> 
     </span>
     <span class='ocr_line' id='line_1_22' title="bbox 298 1557 883 1608; baseline -0.002 -12"><span class='ocrx_word' id='word_1_163' title='bbox 298 1558 352 1608; x_wconf 92' lang='lat' dir='ltr'><strong>(v.</strong></span> <span class='ocrx_word' id='word_1_164' title='bbox 367 1558 435 1606; x_wconf 87' lang='lat'><strong>46)</strong></span> <span class='ocrx_word' id='word_1_165' title='bbox 464 1562 558 1606; x_wconf 86' lang='lat' dir='ltr'><strong>„aut</strong></span> <span class='ocrx_word' id='word_1_166' title='bbox 586 1558 707 1595; x_wconf 83' lang='lat' dir='ltr'><strong>etiam</strong></span> <span class='ocrx_word' id='word_1_167' title='bbox 733 1557 883 1596; x_wconf 80' lang='lat' dir='ltr'><strong>venti.“</strong></span> 
     </span>
    </p>

    <p class='ocr_par' dir='ltr' id='par_1_8' title="bbox 222 1618 1619 1789">
     <span class='ocr_line' id='line_1_23' title="bbox 325 1618 1616 1667; baseline -0.001 -11"><span class='ocrx_word' id='word_1_168' title='bbox 325 1618 497 1664; x_wconf 65' lang='lat' dir='ltr'><strong>Quaaeum</strong></span> <span class='ocrx_word' id='word_1_169' title='bbox 526 1618 657 1656; x_wconf 87' lang='lat' dir='ltr'><strong>altero</strong></span> <span class='ocrx_word' id='word_1_170' title='bbox 695 1618 852 1667; x_wconf 89' lang='lat' dir='ltr'><strong>opinio,</strong></span> <span class='ocrx_word' id='word_1_171' title='bbox 890 1629 1115 1666; x_wconf 85' lang='lat' dir='ltr'><strong>quanquam</strong></span> <span class='ocrx_word' id='word_1_172' title='bbox 1151 1623 1374 1667; x_wconf 83' lang='lat' dir='ltr'><strong>pervagata</strong></span> <span class='ocrx_word' id='word_1_173' title='bbox 1401 1621 1489 1655; x_wconf 86' lang='lat' dir='ltr'><strong>erat</strong></span> <span class='ocrx_word' id='word_1_174' title='bbox 1517 1619 1616 1655; x_wconf 84' lang='lat' dir='ltr'><strong>anti-</strong></span> 
     </span>
     <span class='ocr_line' id='line_1_24' title="bbox 222 1675 1619 1729; baseline 0.001 -12"><span class='ocrx_word' id='word_1_175' title='bbox 222 1679 421 1729; x_wconf 88' lang='lat' dir='ltr'><strong>quissimis</strong></span> <span class='ocrx_word' id='word_1_176' title='bbox 454 1678 720 1727; x_wconf 81' lang='lat' dir='ltr'><strong>temporibus,</strong></span> <span class='ocrx_word' id='word_1_177' title='bbox 765 1682 898 1716; x_wconf 88' lang='lat' dir='ltr'><strong>tamen</strong></span> <span class='ocrx_word' id='word_1_178' title='bbox 936 1677 1101 1716; x_wconf 84' lang='lat' dir='ltr'><strong>maxime</strong></span> <span class='ocrx_word' id='word_1_179' title='bbox 1138 1675 1374 1728; x_wconf 83' lang='lat' dir='ltr'><strong>Empedocli</strong></span> <span class='ocrx_word' id='word_1_180' title='bbox 1408 1678 1619 1728; x_wconf 85' lang='lat' dir='ltr'><strong>probanda</strong></span> 
     </span>
     <span class='ocr_line' id='line_1_25' title="bbox 223 1729 1549 1789; baseline -0.004 -9"><span class='ocrx_word' id='word_1_181' title='bbox 223 1742 445 1789; x_wconf 79' lang='lat' dir='ltr'><strong>videbatur,</strong></span> <span class='ocrx_word' id='word_1_182' title='bbox 475 1738 541 1789; x_wconf 83' lang='lat' dir='ltr'><strong>qui</strong></span> <span class='ocrx_word' id='word_1_183' title='bbox 569 1738 657 1789; x_wconf 89' lang='lat' dir='ltr'><strong>ipse</strong></span> <span class='ocrx_word' id='word_1_184' title='bbox 686 1738 804 1778; x_wconf 81' lang='lat' dir='ltr'><strong>dixit:</strong></span> <span class='ocrx_word' id='word_1_185' title='bbox 998 1787 1000 1789; x_wconf 66' lang='lat'>‚</span> <span class='ocrx_word' id='word_1_186' title='bbox 1534 1729 1549 1739; x_wconf 64' lang='grc'><em>’</em></span> 
     </span>
    </p>

    <p class='ocr_par' dir='ltr' id='par_1_9' title="bbox 407 1798 1569 2032">
     <span class='ocr_line' id='line_1_26' title="bbox 407 1798 1411 1850; baseline -0.001 -13"><span class='ocrx_word' id='word_1_187' title='bbox 407 1799 580 1850; x_wconf 78' lang='grc' dir='ltr'><strong>,,αῗματος</strong></span> <span class='ocrx_word' id='word_1_188' title='bbox 607 1799 643 1836; x_wconf 85' lang='grc' dir='ltr'><strong>ἐν</strong></span> <span class='ocrx_word' id='word_1_189' title='bbox 670 1800 869 1849; x_wconf 80' lang='grc' dir='ltr'>πελάγεσσι</span> <span class='ocrx_word' id='word_1_190' title='bbox 896 1798 1128 1849; x_wconf 76' lang='grc' dir='ltr'>τεθραμμένη</span> <span class='ocrx_word' id='word_1_191' title='bbox 1153 1799 1411 1850; x_wconf 77' lang='grc' dir='ltr'>ἀντιῦορόντος,</span> 
     </span>
     <span class='ocr_line' id='line_1_27' title="bbox 407 1858 1401 1910; baseline -0.002 -12"><span class='ocrx_word' id='word_1_192' title='bbox 407 1863 478 1910; x_wconf 51' lang='lat' dir='ltr'><strong>„tsi</strong></span> <span class='ocrx_word' id='word_1_193' title='bbox 505 1874 544 1897; x_wconf 84' lang='grc' dir='ltr'><strong>τε</strong></span> <span class='ocrx_word' id='word_1_194' title='bbox 570 1858 686 1910; x_wconf 79' lang='grc' dir='ltr'>νόημα</span> <span class='ocrx_word' id='word_1_195' title='bbox 713 1860 867 1910; x_wconf 82' lang='grc' dir='ltr'><strong>μάλιστα</strong></span> <span class='ocrx_word' id='word_1_196' title='bbox 896 1859 1121 1896; x_wconf 81' lang='grc' dir='ltr'>κυκλίσκεται</span> <span class='ocrx_word' id='word_1_197' title='bbox 1146 1859 1401 1909; x_wconf 75' lang='grc' dir='ltr'>ἀνθρώποισιν·</span> 
     </span>
     <span class='ocr_line' id='line_1_28' title="bbox 412 1917 1353 1973; baseline 0 -14"><span class='ocrx_word' id='word_1_198' title='bbox 412 1921 523 1973; x_wconf 60' lang='lat' dir='ltr'><strong>„aspa</strong></span> <span class='ocrx_word' id='word_1_199' title='bbox 547 1920 616 1971; x_wconf 81' lang='grc' dir='ltr'><strong>γὰρ</strong></span> <span class='ocrx_word' id='word_1_200' title='bbox 643 1920 847 1972; x_wconf 77' lang='grc' dir='ltr'>ἀνθρώποις</span> <span class='ocrx_word' id='word_1_201' title='bbox 872 1917 1099 1972; x_wconf 80' lang='grc' dir='ltr'>περικάρδιόν</span> <span class='ocrx_word' id='word_1_202' title='bbox 1128 1918 1200 1958; x_wconf 84' lang='grc' dir='ltr'>ἐστι</span> <span class='ocrx_word' id='word_1_203' title='bbox 1225 1919 1353 1971; x_wconf 86' lang='grc' dir='ltr'><strong>νόημα.</strong></span> 
     </span>
     <span class='ocr_line' id='line_1_29' title="bbox 1037 1979 1569 2032; baseline -0.002 -12"><span class='ocrx_word' id='word_1_204' title='bbox 1037 1981 1195 2032; x_wconf 80' lang='lat' dir='ltr'><strong>(fragm.</strong></span> <span class='ocrx_word' id='word_1_205' title='bbox 1210 1995 1246 2021; x_wconf 88' lang='lat' dir='ltr'><strong>v.</strong></span> <span class='ocrx_word' id='word_1_206' title='bbox 1261 1979 1349 2021; x_wconf 78' lang='lat'><strong>374.</strong></span> <span class='ocrx_word' id='word_1_207' title='bbox 1378 1981 1569 2031; x_wconf 86' lang='lat' dir='ltr'><strong>Vahlen.)</strong></span> 
     </span>
    </p>

    <p class='ocr_par' dir='ltr' id='par_1_10' title="bbox 331 2040 1624 2096">
     <span class='ocr_line' id='line_1_30' title="bbox 331 2040 1624 2096; baseline -0.002 -12"><span class='ocrx_word' id='word_1_208' title='bbox 331 2047 466 2096; x_wconf 87' lang='lat' dir='ltr'><strong>Atque</strong></span> <span class='ocrx_word' id='word_1_209' title='bbox 494 2043 638 2084; x_wconf 79' lang='lat' dir='ltr'><strong>Cicero</strong></span> <span class='ocrx_word' id='word_1_210' title='bbox 666 2043 973 2096; x_wconf 76' lang='lat' dir='ltr'><strong>‚‚E}mpedoc1es‚</strong></span> <span class='ocrx_word' id='word_1_211' title='bbox 1000 2040 1138 2094; x_wconf 83' lang='lat' dir='ltr'><strong>inquit,</strong></span> <span class='ocrx_word' id='word_1_212' title='bbox 1169 2042 1338 2082; x_wconf 84' lang='lat' dir='ltr'><strong>animum</strong></span> <span class='ocrx_word' id='word_1_213' title='bbox 1366 2055 1456 2083; x_wconf 90' lang='lat' dir='ltr'><strong>esse</strong></span> <span class='ocrx_word' id='word_1_214' title='bbox 1484 2045 1624 2082; x_wconf 85' lang='lat' dir='ltr'><strong>censet</strong></span> 
     </span>
    </p>

    <p class='ocr_par' dir='ltr' id='par_1_11' title="bbox 225 2104 1396 2156">
     <span class='ocr_line' id='line_1_31' title="bbox 225 2104 1396 2156; baseline -0.003 -9"><span class='ocrx_word' id='word_1_215' title='bbox 225 2109 338 2147; x_wconf 87' lang='lat' dir='ltr'><strong>cordi</strong></span> <span class='ocrx_word' id='word_1_216' title='bbox 368 2107 554 2146; x_wconf 81' lang='lat' dir='ltr'><strong>suffusum</strong></span> <span class='ocrx_word' id='word_1_217' title='bbox 584 2105 856 2156; x_wconf 87' lang='lat' dir='ltr'><strong>sanguinem‚“</strong></span> <span class='ocrx_word' id='word_1_218' title='bbox 885 2105 1066 2154; x_wconf 85' lang='lat' dir='ltr'><strong>(Tuscul.</strong></span> <span class='ocrx_word' id='word_1_219' title='bbox 1088 2104 1192 2154; x_wconf 85' lang='lat' dir='ltr'><strong>disp.</strong></span> <span class='ocrx_word' id='word_1_220' title='bbox 1211 2105 1242 2153; x_wconf 95' lang='lat' dir='ltr'><strong>I,</strong></span> <span class='ocrx_word' id='word_1_221' title='bbox 1258 2105 1294 2153; x_wconf 89' lang='lat'><strong>9,</strong></span> <span class='ocrx_word' id='word_1_222' title='bbox 1316 2106 1396 2151; x_wconf 88' lang='lat'><strong>19.)</strong></span> 
     </span>
    </p>
   </div>
   <div class='ocr_carea' id='block_1_5' title="bbox 226 2184 1623 2423">
    <p class='ocr_par' dir='ltr' id='par_1_12' title="bbox 226 2184 1623 2423">
     <span class='ocr_line' id='line_1_32' title="bbox 331 2184 1622 2238; baseline -0.002 -12"><span class='ocrx_word' id='word_1_223' title='bbox 331 2188 639 2238; x_wconf 72' lang='lat' dir='ltr'><strong>Theophrastus</strong></span> <span class='ocrx_word' id='word_1_224' title='bbox 666 2198 784 2235; x_wconf 85' lang='lat' dir='ltr'><strong>vero,</strong></span> <span class='ocrx_word' id='word_1_225' title='bbox 813 2187 1025 2235; x_wconf 73' lang='lat' dir='ltr'><strong>postquam</strong></span> <span class='ocrx_word' id='word_1_226' title='bbox 1052 2195 1101 2224; x_wconf 80' lang='lat' dir='ltr'><strong>ea</strong></span> <span class='ocrx_word' id='word_1_227' title='bbox 1125 2184 1322 2236; x_wconf 73' lang='lat' dir='ltr'><strong>exposuit,</strong></span> <span class='ocrx_word' id='word_1_228' title='bbox 1346 2197 1453 2236; x_wconf 80' lang='lat' dir='ltr'><strong>quae</strong></span> <span class='ocrx_word' id='word_1_229' title='bbox 1480 2184 1622 2236; x_wconf 82' lang='lat' dir='ltr'><strong>Empe-</strong></span> 
     </span>
     <span class='ocr_line' id='line_1_33' title="bbox 226 2246 1623 2297; baseline -0.004 -9"><span class='ocrx_word' id='word_1_230' title='bbox 226 2250 367 2289; x_wconf 88' lang='lat' dir='ltr'><strong>docles</strong></span> <span class='ocrx_word' id='word_1_231' title='bbox 396 2249 446 2287; x_wconf 89' lang='lat' dir='ltr'><strong>de</strong></span> <span class='ocrx_word' id='word_1_232' title='bbox 475 2248 660 2287; x_wconf 85' lang='lat' dir='ltr'><strong>sensibus</strong></span> <span class='ocrx_word' id='word_1_233' title='bbox 689 2247 916 2287; x_wconf 88' lang='lat' dir='ltr'><strong>docuisset:</strong></span> <span class='ocrx_word' id='word_1_234' title='bbox 945 2248 999 2284; x_wconf 79' lang='grc' dir='ltr'><strong>διὸ</strong></span> <span class='ocrx_word' id='word_1_235' title='bbox 1026 2246 1084 2285; x_wconf 81' lang='grc' dir='ltr'><strong>καὶ</strong></span> <span class='ocrx_word' id='word_1_236' title='bbox 1101 2249 1157 2296; x_wconf 74' lang='grc' dir='ltr'><strong>τῷ</strong></span> <span class='ocrx_word' id='word_1_237' title='bbox 1169 2246 1288 2297; x_wconf 73' lang='grc' dir='ltr'>αἵματι</span> <span class='ocrx_word' id='word_1_238' title='bbox 1303 2247 1456 2296; x_wconf 84' lang='grc' dir='ltr'>μάλιστα</span> <span class='ocrx_word' id='word_1_239' title='bbox 1470 2247 1623 2296; x_wconf 82' lang='grc' dir='ltr'>φρονεῖν·</span> 
     </span>
     <span class='ocr_line' id='line_1_34' title="bbox 226 2296 1622 2359; baseline -0.001 -12"><span class='ocrx_word' id='word_1_240' title='bbox 226 2311 261 2348; x_wconf 89' lang='grc' dir='ltr'><strong>ἐν</strong></span> <span class='ocrx_word' id='word_1_241' title='bbox 289 2310 407 2359; x_wconf 79' lang='grc' dir='ltr'>τούτῳ</span> <span class='ocrx_word' id='word_1_242' title='bbox 434 2307 502 2359; x_wconf 80' lang='grc' dir='ltr'><strong>γὰρ</strong></span> <span class='ocrx_word' id='word_1_243' title='bbox 527 2309 682 2359; x_wconf 82' lang='grc' dir='ltr'>μάλιστα</span> <span class='ocrx_word' id='word_1_244' title='bbox 711 2307 910 2358; x_wconf 82' lang='grc' dir='ltr'>κεκρᾶσθαί</span> <span class='ocrx_word' id='word_1_245' title='bbox 932 2307 1006 2345; x_wconf 71' lang='grc' dir='ltr'><strong>ἐστι</strong></span> <span class='ocrx_word' id='word_1_246' title='bbox 1031 2306 1076 2344; x_wconf 84' lang='grc' dir='ltr'><strong>τὰ</strong></span> <span class='ocrx_word' id='word_1_247' title='bbox 1102 2308 1259 2359; x_wconf 79' lang='grc' dir='ltr'>στοιχεῖα</span> <span class='ocrx_word' id='word_1_248' title='bbox 1283 2308 1354 2348; x_wconf 81' lang='grc' dir='ltr'><strong>τῶν</strong></span> <span class='ocrx_word' id='word_1_249' title='bbox 1376 2296 1518 2357; x_wconf 71' lang='grc' dir='ltr'>μὲρῶν.</span> <span class='ocrx_word' id='word_1_250' title='bbox 1554 2304 1622 2357; x_wconf 86' lang='lat' dir='ltr'><strong>(de</strong></span> 
     </span>
     <span class='ocr_line' id='line_1_35' title="bbox 226 2370 574 2423; baseline -0.009 -11"><span class='ocrx_word' id='word_1_251' title='bbox 226 2384 348 2412; x_wconf 85' lang='lat' dir='ltr'><strong>sensu</strong></span> <span class='ocrx_word' id='word_1_252' title='bbox 377 2383 461 2423; x_wconf 84' lang='lat' dir='ltr'><strong>par.</strong></span> <span class='ocrx_word' id='word_1_253' title='bbox 494 2370 574 2420; x_wconf 86' lang='lat'><strong>10.)</strong></span> 
     </span>
    </p>
   </div>
   <div class='ocr_carea' id='block_1_6' title="bbox 228 2447 1626 2623">
    <p class='ocr_par' dir='ltr' id='par_1_13' title="bbox 228 2447 1626 2623">
     <span class='ocr_line' id='line_1_36' title="bbox 329 2447 1623 2506; baseline -0.002 -15"><span class='ocrx_word' id='word_1_254' title='bbox 329 2452 460 2491; x_wconf 89' lang='lat' dir='ltr'><strong>Alteri</strong></span> <span class='ocrx_word' id='word_1_255' title='bbox 488 2452 634 2492; x_wconf 88' lang='lat' dir='ltr'><strong>deinde</strong></span> <span class='ocrx_word' id='word_1_256' title='bbox 665 2451 931 2503; x_wconf 85' lang='lat' dir='ltr'><strong>opinionisc.</strong></span> <span class='ocrx_word' id='word_1_257' title='bbox 961 2449 1142 2506; x_wconf 75' lang='lat' dir='ltr'><strong>„animae</strong></span> <span class='ocrx_word' id='word_1_258' title='bbox 1170 2452 1350 2489; x_wconf 82' lang='lat' dir='ltr'><strong>naturam</strong></span> <span class='ocrx_word' id='word_1_259' title='bbox 1377 2461 1469 2489; x_wconf 87' lang='lat' dir='ltr'><strong>esse</strong></span> <span class='ocrx_word' id='word_1_260' title='bbox 1487 2447 1623 2489; x_wconf 82' lang='lat' dir='ltr'><strong>venti“</strong></span> 
     </span>
     <span class='ocr_line' id='line_1_37' title="bbox 228 2510 1622 2568; baseline -0.004 -15"><span class='ocrx_word' id='word_1_261' title='bbox 228 2514 556 2554; x_wconf 84' lang='lat' dir='ltr'><strong>assentiebantur</strong></span> <span class='ocrx_word' id='word_1_262' title='bbox 584 2513 724 2553; x_wconf 89' lang='lat' dir='ltr'><strong>Stoici.</strong></span> <span class='ocrx_word' id='word_1_263' title='bbox 765 2513 867 2552; x_wconf 90' lang='lat' dir='ltr'><strong>Nam</strong></span> <span class='ocrx_word' id='word_1_264' title='bbox 897 2513 1003 2563; x_wconf 76' lang='lat' dir='ltr'><strong>apud</strong></span> <span class='ocrx_word' id='word_1_265' title='bbox 1030 2510 1254 2568; x_wconf 84' lang='lat' dir='ltr'><strong>Diogenem</strong></span> <span class='ocrx_word' id='word_1_266' title='bbox 1280 2511 1493 2551; x_wconf 81' lang='lat' dir='ltr'><strong>Laertium&#39;</strong></span> <span class='ocrx_word' id='word_1_267' title='bbox 1510 2511 1622 2559; x_wconf 71' lang='lat' dir='ltr'><strong>(VII,</strong></span> 
     </span>
     <span class='ocr_line' id='line_1_38' title="bbox 229 2568 1626 2623; baseline -0.005 -11"><span class='ocrx_word' id='word_1_268' title='bbox 229 2575 303 2613; x_wconf 82' lang='lat'><strong>156</strong></span> <span class='ocrx_word' id='word_1_269' title='bbox 322 2575 401 2623; x_wconf 86' lang='lat' dir='ltr'><strong>sq.)</strong></span> <span class='ocrx_word' id='word_1_270' title='bbox 428 2574 560 2623; x_wconf 88' lang='lat' dir='ltr'><strong>Zeno,</strong></span> <span class='ocrx_word' id='word_1_271' title='bbox 588 2575 820 2623; x_wconf 89' lang='lat' dir='ltr'><strong>Antipater,</strong></span> <span class='ocrx_word' id='word_1_272' title='bbox 848 2572 1090 2611; x_wconf 82' lang='lat' dir='ltr'><strong>Posidonius</strong></span> <span class='ocrx_word' id='word_1_273' title='bbox 1113 2572 1272 2619; x_wconf 81' lang='lat' dir='ltr'><strong>dicunt,</strong></span> <span class='ocrx_word' id='word_1_274' title='bbox 1306 2572 1371 2620; x_wconf 84' lang='grc' dir='ltr'><strong>τὴν</strong></span> <span class='ocrx_word' id='word_1_275' title='bbox 1394 2571 1514 2621; x_wconf 80' lang='grc' dir='ltr'>ψυχὴν</span> <span class='ocrx_word' id='word_1_276' title='bbox 1541 2568 1626 2608; x_wconf 87' lang='grc' dir='ltr'><strong>εἶναι</strong></span> 
     </span>
    </p>
   </div>
   <div class='ocr_carea' id='block_1_7' title="bbox 314 2690 1496 2736">
    <p class='ocr_par' dir='ltr' id='par_1_14' title="bbox 314 2690 1496 2736">
     <span class='ocr_line' id='line_1_39' title="bbox 314 2690 1496 2736; baseline -0.003 -10"><span class='ocrx_word' id='word_1_277' title='bbox 314 2696 351 2736; x_wconf 68' lang='lat'><strong>⁷⁴)</strong></span> <span class='ocrx_word' id='word_1_278' title='bbox 373 2694 520 2727; x_wconf 81' lang='lat' dir='ltr'><strong>Phaedr.</strong></span> <span class='ocrx_word' id='word_1_279' title='bbox 534 2694 596 2728; x_wconf 79' lang='lat'><strong>249</strong></span> <span class='ocrx_word' id='word_1_280' title='bbox 609 2695 660 2734; x_wconf 89' lang='grc' dir='ltr'><strong>Β.,</strong></span> <span class='ocrx_word' id='word_1_281' title='bbox 681 2694 785 2727; x_wconf 82' lang='lat' dir='ltr'><strong>Meno</strong></span> <span class='ocrx_word' id='word_1_282' title='bbox 800 2693 842 2728; x_wconf 91' lang='grc'><strong>80</strong></span> <span class='ocrx_word' id='word_1_283' title='bbox 857 2693 910 2732; x_wconf 79' lang='grc' dir='ltr'><strong>Β.,</strong></span> <span class='ocrx_word' id='word_1_284' title='bbox 931 2692 1073 2726; x_wconf 81' lang='lat' dir='ltr'><strong>Phaedo</strong></span> <span class='ocrx_word' id='word_1_285' title='bbox 1091 2691 1141 2731; x_wconf 78' lang='lat'><strong>72,</strong></span> <span class='ocrx_word' id='word_1_286' title='bbox 1160 2692 1200 2724; x_wconf 76' lang='lat' dir='ltr'><strong>E.</strong></span> <span class='ocrx_word' id='word_1_287' title='bbox 1221 2710 1261 2715; x_wconf 92' lang='lat'>—</span> <span class='ocrx_word' id='word_1_288' title='bbox 1289 2690 1376 2725; x_wconf 85' lang='lat' dir='ltr'><strong>Tim.</strong></span> <span class='ocrx_word' id='word_1_289' title='bbox 1391 2690 1440 2730; x_wconf 79' lang='lat'><strong>4¹,</strong></span> <span class='ocrx_word' id='word_1_290' title='bbox 1457 2690 1496 2723; x_wconf 73' lang='lat' dir='ltr'><strong>E.</strong></span> 
     </span>
    </p>
   </div>
  </div>
 </body>
</html>
