1804 2936
882 165 928 203 13

216 284 327 334 cujus
360 285 419 323 rei
454 286 674 335 exemplum
701 284 909 324 Lucretius
940 288 1057 325 affert
1084 287 1322 336 corpuscula
1349 287 1388 325 in
1418 287 1516 327 solis
1544 286 1599 323 lu-

215 344 319 384 mine
346 345 538 395 vagantia
566 345 995 396 (Sonnenstaubchen).
1048 348 1216 386 Accedit
1243 361 1338 387 vero
1368 347 1475 398 quod

339 418 415 445 nec
444 407 649 456 quisquam
673 408 785 445 locus
814 412 887 456 est,
917 420 994 457 quo
1023 420 1194 458 corpora
1221 421 1308 447 com
1334 412 1545 458 venerunt,

337 463 528 517 ponderis
556 468 703 506 amissa
728 468 767 506 vi
793 470 951 518 possint
979 473 1086 508 stare
1112 469 1151 506 in
1179 470 1298 519 inani,

342 540 419 566 nec
447 530 554 577 quod
580 529 698 567 inane
727 534 857 567 autem
887 535 950 568 est
975 530 1045 567 uui
1073 530 1293 568 subsistere
1320 531 1452 579 debet,

341 588 446 637 quin,
475 602 547 628 sua
574 590 679 639 quod
702 594 845 628 natura
863 590 975 639 petit,
1005 590 1228 628 concedere
1251 596 1396 640 pergat
1421 588 1602 640 (I‚1077).

319 649 501 699 Denique
530 651 619 690 aliis
661 651 800 689 infiniti
840 651 1014 688 universi
1055 651 1156 689 locis
1197 651 1345 690 similes
1387 652 1602 701 „materiae

217 711 487 760 congressus“
523 711 693 760 putandi
721 714 814 750 sunt
837 723 884 749 ac
909 705 1053 760 'quibus
1083 712 1184 751 haec
1212 717 1351 752 nostra
1375 717 1484 751 terra
1511 725 1602 751 con-

216 776 299 811 stat
326 771 555 822 similesque
589 777 783 810 terrarum
812 773 950 821 orbes,
980 777 1107 821 astra,
1138 774 1246 812 soles
1275 773 1603 824 (Luer.11,1022.

218 833 347 881 1064),
389 833 432 870 id
472 832 578 881 quod
611 832 699 881 ipse
736 832 931 888 Epicurus
966 835 1022 871 ait
1055 835 1106 872 ad
1139 835 1391 872 Herodotum
1424 834 1604 872 scribens

218 893 280 942 (D.
294 893 340 932 L.
355 893 444 942 54):
476 891 600 944 κόσμοι
634 890 774 944 ἄπειροί
804 893 907 939 εἰσιν,
942 891 1004 932 om’
1044 893 1157 945 ὅμοιοι
1185 894 1320 946 τούτῳ,
1349 891 1406 932 οἵτ’
1436 892 1605 945 ἀνόμοιοι.

217 953 286 1005 (cf.
314 953 346 992 οἱ
374 953 500 1004 κόσμοι
527 953 664 1005 ἄπειροι
691 956 731 992 τὸ
758 956 899 1006 πλῆθος
923 955 975 1005 X,
990 957 1050 995 45,
1068 957 1118 996 89
1127 969 1136 1005 ;
1165 957 1187 1007 ἡ
1216 955 1355 1006 ἀπειρία
1373 958 1444 994 τῶν
1464 954 1605 1006 κόσμων

217 1015 268 1066 X,
283 1015 335 1054 45
362 1015 462 1062 116.)

321 1075 402 1116 Sed
430 1077 577 1127 figuras
609 1078 737 1116 varias
769 1079 918 1117 habent
945 1079 1096 1128 mundi,
1125 1079 1193 1117 alii
1221 1079 1378 1129 quidem
1406 1078 1605 1127 sphaerae

217 1137 319 1186 (Cic.
340 1138 390 1175 de
410 1141 490 1176 nat.
512 1138 621 1177 deor‘
641 1139 693 1189 Π,
711 1139 785 1187 18),
813 1140 880 1177 alii
901 1140 977 1189 ovi,
1004 1140 1070 1178 alii
1087 1140 1218 1189 aliam,
1238 1152 1319 1178 non
1338 1143 1471 1177 tamen
1492 1149 1608 1187 quam

213 1198 314 1238 libet
341 1198 506 1237 formam
534 1198 797 1249 praebentest:
825 1200 857 1238 οἱ
884 1200 946 1250 μὲν
973 1200 1220 1251 σφαιροειδεῖς,
1249 1199 1284 1237 οἱ
1302 1197 1329 1237 δ’
1357 1197 1517 1251 ᾠοειδεῖς
1547 1198 1605 1237 καὶ

219 1260 525 1311 ἀλλοιοσχήμονες
553 1259 669 1310 ἄλλοι,
699 1261 740 1298 οὔ
769 1261 885 1310 μέντοι
911 1263 980 1298 πᾶν
1008 1259 1111 1312 σχῆμ’
1144 1260 1288 1312 ἔχουσιν
1315 1275 1350 1300 v.
1379 1251 1605 1311 D.L.X,74.

323 1320 511 1360 Ceterum
540 1325 686 1360 terram

366 1384 557 1422 convenit
586 1384 742 1434 (atquc)
772 1384 890 1422 aliam
918 1388 1098 1422 naturam
1127 1387 1265 1433 supter
1291 1383 1440 1423 habere

370 1457 420 1482 ex
446 1445 608 1483 ineunte
639 1457 739 1483 aevo
768 1445 1018 1483 coniunctam
1047 1448 1166 1495 atque
1194 1444 1326 1483 uniter
1353 1450 1487 1494 aptam

368 1506 547 1555 partibus
576 1505 697 1544 aeriis
724 1505 869 1552 mundi,
898 1505 1038 1556 quibus
1064 1506 1187 1544 insita
1214 1506 1364 1544 crevit“

221 1566 493 1614 (Le1·.V‚536.
529 1566 582 1604 cf.
614 1570 748 1614 „terra
786 1571 849 1605 est
882 1567 1062 1615 partibus
1099 1567 1217 1605 aeriis
1251 1566 1384 1604 mundi
1412 1565 1606 1615 caeloque

219 1625 423 1665 revincta“
451 1627 557 1675 553.)
611 1626 698 1666 Has
726 1630 931 1677 „partes
965 1626 1166 1666 ae1·ias“
1199 1626 1240 1665 iu
1268 1626 1405 1676 fragm.
1432 1625 1524 1665 libri
1546 1625 1608 1664 XI

219 1688 299 1737 περὶ
325 1688 487 1738 φύσεως,
518 1689 684 1726 column.
716 1690 734 1725 1
763 1692 807 1726 et
835 1689 894 1738 12,
921 1689 1089 1737 legimus
1118 1689 1169 1726 ab
1196 1688 1370 1737 Epicuro
1400 1686 1609 1738 ,,φραγμοός

221 1753 260 1788 et
288 1749 405 1800 ἀέρων
434 1749 626 1800 ὑπερείσεις
655 1751 696 1787 et
723 1747 831 1798 ἀέρας
858 1749 1072 1801 συμφώνους
1102 1761 1196 1788 esse
1231 1748 1472 1799 appellatas.
1526 1746 1609 1787 Sed

221 1810 369 1861 duplex
396 1812 501 1852 aeris
531 1823 657 1860 genus
695 1810 967 1861 distinguitur:
1003 1824 1131 1850 rarum
1166 1814 1208 1849 et
1233 1810 1323 1849 leve
1353 1810 1520 1849 alterum
1548 1822 1607 1849 su-

219 1873 372 1927 periusz
397 1875 571 1912 aether
599 1873 665 1922 qui
692 1875 861 1910 vocatur
887 1871 1017 1919 (Lucr.
1042 1872 1092 1922 V,
1106 1872 1180 1911 497
1198 1871 1313 1921 etc.)‚
1350 1871 1525 1910 crassius
1552 1871 1608 1909 al·

218 1937 345 1972 terum
378 1935 544 1974 inferius
579 1935 665 1974 sive
710 1940 795 1972 ae'r
829 1934 915 1973 sive
960 1933 1126 1973 aeriae
1169 1946 1318 1973 aurae
1353 1933 1438 1973 sive
1474 1932 1608 1972 aeris

220 2006 370 2033 aurae
398 1996 467 2044 (ib.
482 1997 570 2035 498.
583 1994 762 2034 50L502
783 1995 853 2042 ct.)
906 1994 1127 2034 Praeterea
1154 2007 1283 2045 neque
1312 1994 1450 2034 aether
1477 2004 1608 2044 neque

220 2067 289 2095 aer
316 2057 528 2108 quidquam
556 2056 662 2095 aliud
690 2059 781 2096 sunt
806 2055 883 2095 nisi
911 2056 1140 2097 subtiliores
1170 2062 1304 2096 terrae
1323 2061 1474 2108 parteS,
1504 2066 1607 2105 quae

208 2119 296 2168 jam
322 2119 415 2157 inde
446 2121 495 2158 ab
513 2119 630 2158 initio
660 2131 758 2168 „per
775 2129 871 2157 rara
887 2118 1082 2157 foramina
1109 2124 1239 2158 terrae
1268 2119 1450 2170 partibus
1483 2129 1607 2156 erum-

217 2179 386 2230 pentes“
411 2181 452 2218 in
481 2181 602 2218 altum
630 2179 939 2219 adscenderunt,
969 2179 1100 2227 (Lucr.
1121 2180 1171 2230 V,
1190 2181 1265 2219 458
1285 2193 1343 2231 sq.
1364 2179 1416 2219 cf.
1436 2177 1606 2217 Seneca.

219 2245 373 2291 quaest.
398 2246 479 2280 nat.
507 2242 559 2290 ΙΙ,
576 2243 621 2281 6:
657 2247 789 2280 aerem
822 2240 981 2290 quidam
1009 2253 1060 2280 ex
1087 2242 1329 2282 distantibus
1356 2239 1607 2291 corpusculis

219 2303 405 2349 struunt.)
458 2302 519 2340 Ex
547 2301 798 2352 gravioribus
829 2302 932 2339 enim
959 2302 1225 2353 deorsumque
1244 2301 1501 2341 tendentibus
1520 2312 1606 2339 cor-

217 2363 394 2413 pusculis
422 2367 532 2402 terra
559 2366 649 2416 orta
671 2366 744 2411 est,
774 2373 823 2400 ex
842 2362 1059 2404 levioribus
1080 2364 1431 2413 subtilioribusque
1452 2361 1607 2400 coelum

218 2427 258 2463 et
286 2436 459 2475 corpora
491 2424 622 2463 omnia
649 2424 856 2464 coelestia.
884 2424 1020 2472 (Luer.
1035 2425 1315 2466 ibid.—-Plut.
1331 2425 1381 2464 de
1396 2423 1500 2474 plac.
1514 2423 1605 2474 1,4:

217 2484 257 2522 ἐκ
282 2484 345 2534 μὲν
375 2486 445 2524 τῶν
472 2484 758 2528 ὑποκαθιζόντων
785 2484 959 2536 ἐγεννήθη
985 2486 1008 2535 ἡ
1036 2489 1093 2536 γῆ,
1118 2486 1158 2523 ἐκ
1184 2485 1226 2524 δὲ
1250 2488 1321 2523 τῶν
1347 2483 1607 2536 μετεωριζομέ-

217 2560 338 2586 νων..
357 2576 367 2585 .
386 2546 455 2598 ἀήρ
473 2554 559 2585 ·κ.τ.
576 2545 627 2596 λ.)
692 2546 853 2586 Addere
880 2547 1019 2598 liceat,
1049 2547 1157 2598 quod
1182 2547 1380 2598 Epicurus
1409 2546 1606 2591 eoelestia

220 2618 409 2655 corpora,
444 2605 490 2643 τὰ
522 2606 704 2656 μετέωρα,
741 2619 842 2655 quae
870 2608 1102 2657 longissime
1132 2620 1156 2645 a
1184 2609 1300 2647 nobis
1328 2609 1491 2656 absunt,
1517 2607 1604 2645 sim-

216 2666 377 2716 pliciter
411 2665 714 2718 ,,φαινὸμενα“
750 2672 885 2718 vocat,
932 2671 1076 2708 contra
1109 2682 1209 2723 quae
1237 2670 1385 2710 circum
1410 2681 1484 2709 nos
1512 2673 1606 2712 suut
