1804 2936
881 153 929 205 13

304 285 351 326 Id
379 298 488 337 vcro,
518 285 625 336 quod
654 284 864 324 simulacra
892 286 962 325 illa
990 286 1055 335 „in
1077 284 1217 325 oculos
1237 284 1486 325 inferuntur“
1505 283 1598 338 Epi-

201 362 319 388 curus
358 349 464 398 apud
498 346 722 396 Diogenem
759 346 826 396 (X,
841 348 911 395 49)
948 348 1128 397 appellat
1154 347 1433 396 ,,ἐπειςιέναι
1459 346 1511 384 τὰ
1538 345 1597 385 εἴ·

200 409 351 446 διυλαιι
387 407 619 457 (ἐπεισιὸντος
644 406 735 447 τινὸς
770 406 842 444 ἀπὸ
870 410 942 446 τῶν
970 407 1106 450 ἔξωθεν
1134 407 1198 449 τὰς
1224 407 1366 459 μορφὰς
1391 408 1478 459 ὁρᾶν
1504 408 1601 460 ἡμᾶς

200 470 258 507 καὶ
282 468 536 520 διανοεῖσθαι),
573 468 677 519 apud
706 467 963 509 Plutarchum
992 470 1061 519 (de
1090 469 1194 520 plac.
1223 470 1319 521 phil.
1346 471 1416 520 IV,
1433 468 1517 521 13)2
1545 469 1597 508 εἰ-

200 531 363 569 δώλων
391 530 578 581 εἴκρισιν
608 529 961 581 (insinuationem).
993 531 1099 581 apud
1123 530 1361 570 Ciceronem
1389 531 1458 583 (ad
1474 531 1598 571 Attio.

201 593 414 643 ep.11‚3)2
443 591 674 641 ,,εἰὸώλων
705 591 997 641 ἐμπτώσεις,“
1031 590 1216 631 Ceterum
1243 605 1294 632 ex
1320 593 1502 644 Diogene
1530 592 1598 644 (X,

200 655 365 693 46—49.
382 654 451 703 51)
481 658 521 692 et
550 666 599 692 ex
626 653 789 704 Epicuri
817 653 895 703 περὶ
923 654 1067 705 φύσεως
1095 654 1319 704 fragmento
1348 654 1433 702 (lib.
1449 655 1500 704 ΙΙ,
1521 655 1597 694 col,

200 718 236 755 5.
252 716 306 766 6.)
336 716 629 765 cognoscimus,
657 715 869 764 Epicurum
896 714 1063 755 τόπους
1083 727 1229 754 vocare
1251 714 1475 766 simulacra,
1504 728 1596 766 qua-

200 782 318 815 tenus
348 788 572 826 corporum,
600 776 706 813 unde
735 776 910 824 avolent,
942 776 1090 814 formas
1116 776 1335 826 impressas
1355 776 1598 823 contineant,

201 841 397 888 quatenus
425 849 522 875 vero
552 837 698 875 formas
726 837 837 886 ipsas
864 835 992 874 oculis
1023 837 1270 886 spectandas
1298 837 1512 886 objiciant,
1540 835 1597 873 εἴ-

201 899 338 948 δωλα,
368 901 584 948 praeterea
612 898 731 935 ctiam
759 909 951 948 separare
979 896 1024 934 τὰ
1052 895 1136 935 ὄντα
1164 895 1301 936 εἴδωλα
1327 897 1401 936 καὶ
1427 897 1596 954 ἀληθῆ,

204 972 308 1009 quae
346 959 479 997 statim
508 959 697 1008 nullaque
726 970 837 997 mora
864 958 1103 1007 interposita
1129 960 1241 1009 ipsos
1266 969 1407 997 sensus
1435 962 1598 998 nostros

200 1024 381 1071 tangant,
411 1032 433 1058 a
468 1019 560 1060 τοῖς
600 1019 644 1057 ἐν
686 1017 828 1057 εἰκόνι
858 1018 1220 1071 λαμβανομένοις
1251 1018 1275 1069 ἢ
1302 1017 1391 1058 καθ’
1434 1019 1598 1061 ὕπνους

200 1080 460 1130 γινομένοις
492 1080 515 1129 ἢ
544 1077 630 1117 κατ’
670 1079 814 1121 ἄλλας
849 1080 960 1121 τινὰς
999 1080 1214 1131 ἐπιβολὰς
1252 1082 1329 1129 τῆς
1372 1081 1596 1129 διανοίας,

202 1154 304 1193 quae
326 1155 349 1181 a
369 1141 485 1181 nobis
501 1145 569 1180 aut
586 1154 660 1192 per
683 1154 859 1181 somnum
879 1147 949 1181 aut
967 1142 1107 1193 quovis
1136 1143 1216 1182 alio
1236 1141 1380 1182 mentis
1400 1146 1598 1193 conceptu

202 1204 583 1251 animadvertantur,
614 1204 688 1241 sed
716 1217 817 1252 quae
838 1204 1089 1242 nihilominus
1119 1205 1198 1242 sint
1224 1215 1332 1242 vera.

304 1264 488 1313 Denique
540 1262 647 1300 aliud
683 1275 810 1313 genus
849 1268 911 1303 cst
946 1265 1178 1314 imaginum,
1220 1264 1459 1305 συστάσεις
1499 1274 1596 1313 quas

201 1325 378 1365 nominat
405 1324 604 1374 Epicurus
633 1323 698 1372 (D.
715 1324 760 1362 L.
776 1323 828 1372 X,
848 1324 917 1373 48)
946 1327 1213 1374 quaeque,-ut
1233 1324 1290 1362 ait
1316 1324 1537 1374 Lucretius,
1557 1353 1567 1364 .
1588 1355 1597 1364 .

326 1388 498 1435 „sponte
525 1396 598 1423 sua
626 1384 843 1434 gignuntur
871 1387 912 1423 et
937 1385 1028 1434 ipsa

327 1446 623 1485 constituuntur
649 1445 689 1482 in
718 1445 796 1484 hoc
824 1445 952 1494 coelo,
983 1445 1049 1496 qui
1077 1445 1222 1484 dicitur
1251 1444 1344 1485 aer‘·'
1389 1445 1477 1496 (IV,
1494 1446 1598 1498 132.)

204 1508 280 1545 His
309 1507 469 1557 quidem
496 1507 706 1546 Lucretius
734 1507 819 1545 vult
845 1507 885 1543 in
914 1506 1084 1545 nubibus
1111 1507 1247 1546 varias
1274 1506 1388 1556 istas,
1418 1520 1516 1557 quas
1542 1509 1598 1547 vi-

202 1568 388 1618 deamus,
431 1568 538 1608 effici
572 1568 720 1620 figuras
749 1567 860 1607 velut
886 1566 1093 1619 gigantum
1123 1563 1212 1618 cra,
1247 1578 1415 1619 magnos
1442 1572 1598 1609 montes

200 1631 281 1669 alia
308 1631 441 1680 (ibid.)

303 1691 519 1736 Postremo
557 1694 688 1729 motus
723 1689 791 1728 ille
830 1689 1079 1739 celerrimus,
1116 1702 1193 1740 quo
1223 1690 1436 1730 simulacra
1462 1703 1487 1730 a
1515 1703 1599 1731 cor-

200 1752 365 1802 poribus
401 1752 542 1790 avulsa
573 1764 647 1801 per
685 1758 819 1790 aeirem
854 1750 1054 1799 ferantur,
1088 1753 1258 1790 vocatur
1292 1764 1374 1801 φορ
1386 1752 1421 1791 οἱ.
1468 1751 1597 1801 (Epic.

201 1813 344 1862 fragm.
369 1811 449 1862 περὶ
476 1811 560 1863 φύσ.
590 1812 659 1851 lib.
687 1811 740 1860 ΙΙ,
770 1810 845 1848 col.
868 1811 887 1848 1
919 1814 960 1848 et
983 1810 1032 1848 D.
1050 1811 1095 1851 L.
1114 1811 1165 1860 X,
1185 1812 1247 1851 46.
1263 1812 1345 1861 47.)

304 1875 395 1912 Jam
422 1884 520 1911 vero
550 1885 667 1922 quum
696 1884 755 1921 ea,
785 1884 887 1921 quae
916 1872 966 1909 de
996 1872 1103 1921 sole,
1129 1872 1245 1922 luna,
1275 1872 1414 1923 stellis,
1442 1872 1598 1912 luminis

201 1937 363 1983 natura,
392 1934 563 1979 tonitru,
592 1932 747 1982 fulgure
777 1933 866 1971 aliis
894 1932 1102 1983 permultis
1129 1933 1250 1971 rebus
1279 1932 1491 1984 docentur,
1518 1945 1600 1972 non

198 1996 257 2033 ita
282 1994 388 2045 {apta
426 1994 655 2043 videantur,
692 1994 732 2032 in
768 1993 910 2043 quibus
940 1994 1245 2033 considerandis
1272 1993 1350 2033 hoc
1375 1994 1467 2033 loco
1495 2005 1598 2034 com-

199 2068 409 2104 moremur,
424 2055 476 2105 ¹5)
502 2059 643 2103 restat,
672 2058 715 2093 ut
742 2054 792 2092 de
821 2055 951 2092 anima
979 2058 1021 2093 et
1045 2059 1173 2094 morte
1192 2054 1389 2105 quaedam
1408 2055 1598 2093 dicamus.

303 2118 364 2155 Ac
392 2115 560 2166 primum
586 2114 748 2153 anima
783 2114 953 2154 hominis
982 2118 1046 2154 est
1070 2115 1273 2166 bipartita.
1302 2113 1436 2166 (Lucr.
1456 2115 1488 2161 Ι,
1505 2114 1597 2163 131;

286 2227 326 2266 ¹⁸)
352 2224 606 2257 Tantummodo
630 2226 797 2255 annotare
820 2224 935 2261 liceat,
958 2224 1146 2278 Epicurum
1162 2224 1277 2256 dicere
1302 2217 1366 2265 „to
1386 2215 1427 2253 δὲ
1445 2214 1599 2278 μέγεθος

199 2269 305 2319 ἡλίου
332 2281 371 2306 τε
398 2266 456 2305 καὶ
482 2280 554 2305 των
581 2267 715 2305 λοιπῶν
744 2264 885 2318 ἄστρων
913 2265 1119 2317 τηλικοῦὶόν
1147 2266 1256 2314 ἐστιν,
1290 2267 1413 2316 ἡλίκον
1440 2266 1600 2317 φαίνεται

200 2329 255 2368 (D.
274 2327 451 2366 1.Χ,91),
472 2326 507 2357 id
531 2327 622 2366 quod
645 2326 831 2357 Lucretius
854 2327 902 2356 ita
925 2328 1044 2357 vertit:

326 2374 511 2418 „quidquid
533 2374 569 2406 id
590 2376 654 2413 est,
680 2374 749 2405 nilo
773 2375 880 2406 fertur
903 2376 1033 2417 majore
1056 2376 1166 2417 figura

323 2436 425 2469 quam
448 2424 579 2458 nostris
602 2425 722 2463 oculis,
746 2435 845 2466 quam
870 2426 1041 2458 cernimus
1065 2436 1144 2458 esse
1169 2425 1321 2457 videtui-'⁴
1346 2426 1405 2468 (V,
1420 2427 1512 2468 57⁸1);
1536 2446 1575 2451 —-

323 2478 417 2516 „Nec
442 2477 547 2508 nimio
571 2477 677 2508 maior
701 2476 784 2507 solis
808 2478 885 2508 rota
908 2487 972 2509 nec
996 2477 1106 2508 minor
1125 2476 1237 2508 ardor

324 2536 405 2559 esse
428 2528 560 2570 potest,
585 2526 713 2567 nostris
739 2535 838 2568 quam
862 2527 1024 2558 sensibus
1047 2535 1127 2559 esse
1150 2525 1302 2559 videtur‘*
1328 2527 1430 2569 (564);
1455 2545 1493 2551 -κ

327 2578 473 2616 „Forma
495 2587 632 2620 quoque
655 2578 733 2610 hinc
757 2577 842 2609 solis
866 2577 971 2609 debet
994 2577 1153 2619 filumque
1174 2577 1294 2616 videri,

325 2629 375 2661 nil
399 2630 488 2660 adeo
513 2630 551 2658 ut
572 2628 689 2669 possis
712 2628 790 2669 plus
814 2630 874 2659 aut
896 2628 1006 2659 minus
1029 2628 1156 2659 addere
1177 2632 1276 2661 vere⁸¹
1299 2629 1398 2669 (571).
1419 2646 1461 2651 —

210 2679 256 2715 cf.
280 2679 428 2718 Seneca,
454 2682 587 2721 quaest.
610 2682 678 2712 nat.
693 2679 720 2718 Ι,
742 2680 777 2718 3;
801 2678 872 2711 Cic.
896 2677 937 2709 de
961 2677 1016 2710 fin.
1039 2678 1064 2717 Ι,
1080 2679 1109 2718 6,
1124 2678 1180 2717 20;
1203 2679 1301 2713 acad.
1322 2678 1388 2718 IV,
1403 2678 1453 2712 2⁶.
