1804 2936
885 151 934 191 16

208 272 277 322 (ΙΙ,
305 273 399 323 646;
429 273 481 311 cf.
510 272 669 312 Seneca
694 273 765 321 IV,
791 274 815 311 4
841 274 891 311 de
917 273 1085 314 benefic.
1114 285 1165 311 ex
1192 273 1393 312 sententia
1421 273 1604 322 Epicuri:

209 334 343 384 „Deus
371 334 468 373 nihil
497 334 582 385 agit
609 346 684 373 nec
709 335 835 385 inagis
863 334 972 373 illum
1000 334 1197 373 beneficia
1223 346 1337 384 quam
1356 334 1500 385 injuria
1518 339 1604 373 tan-

209 396 356 446 gunt;“
392 395 474 434 Cic.
494 396 563 433 lib.
585 396 616 435 Ι.
650 395 688 433 ἱι]
723 395 880 434 Pison.:
928 395 1018 445 „Dii
1060 408 1189 446 neque
1223 396 1387 446 propitii
1426 396 1605 445 cuiquam

210 468 301 495 esse
331 456 465 494 solent
488 469 617 505 neque
645 457 779 505 irati“;
823 456 933 494 Sext.
964 456 1227 505 Empir.1,14
1255 459 1291 504 ξ.
1309 457 1383 495 155
1409 456 1604 506 Pyrrhon.

207 517 363 567 hypot.:
411 516 456 565 „6
484 516 525 554 δὲ
547 513 758 567 Ἐπίκουρος
787 515 883 569 λέγει
910 516 960 566 μὴ
985 515 1259 567 ἐπιστρέψεσῦαι
1287 517 1391 567 ἡμῶν
1416 518 1457 554 τὸ
1483 515 1605 555 &stow

210 582 252 616 et
274 580 311 626 ξ.
334 579 426 617 162:
456 577 621 627 ,,ἀπαῦὲς
648 576 734 615 εἶναι
761 577 801 615 τὸ
830 578 984 625 θεῖον.“)
1009 578 1084 616 His
1114 578 1232 616 addit.
1252 577 1481 617 Lucretius:

262 651 377 687 „nam
404 650 478 688 pro
509 643 650 677 saneta
679 639 795 677 deum
823 639 1040 688 tranquilla
1066 642 1235 688 pectora
1265 650 1366 687 pace

262 761 350 810 quis
379 773 522 810 regere
552 760 732 799 immensi
761 774 959 810 summam,
990 761 1081 810 quid
1111 761 1260 799 habere
1289 761 1477 811 profundi

262 822 356 860 indu
376 834 492 860 manu
514 822 667 860 validas
687 823 793 872 potis
815 826 878 861 est
897 823 1156 865 moderanter
1174 821 1409 861 liabelias“?
1427 822 1605 871 11‚1092,

313 883 424 929 Quae
455 896 569 932 quum
598 884 656 920 ita
683 883 764 921 sint
790 896 869 921 non
897 877 1034 921 miruin
1064 884 1222 921 videtur
1250 896 1355 931 esse,
1389 887 1494 933 quod
1514 884 1605 933 Epi-

211 955 327 982 curus
356 943 554 993 impium
583 956 663 981 non
693 956 780 981 eum
806 948 940 993 vocat,
969 945 1035 994 qui
1064 945 1169 994 vulgi
1188 944 1287 983 deos
1306 944 1501 994 repudiat,
1534 944 1606 982 sed

211 1005 276 1054 qui
304 1005 413 1054 vulgi
444 1006 656 1055 opiniones
687 1005 763 1043 diis
793 1005 982 1054 applicat.
1012 1006 1081 1049 (cf.
1111 1005 1244 1055 ἀσεβὴς
1270 1002 1380 1055 δὀὀχ
1398 1005 1417 1041 ὁ
1437 1004 1519 1045 τοὺς
1536 1006 1606 1041 τῶν
1643 1016 1660 1023 “

210 1066 356 1106 πολλῶν
385 1064 492 1106 θεοὺς
520 1065 691 1115 ἀναιρῶν,
728 1063 804 1102 αλλ’
837 1065 855 1101 ὁ
883 1065 947 1106 τὰς
975 1068 1045 1103 τῶν
1074 1068 1221 1104 πολλῶν
1250 1064 1353 1106 δόξας
1381 1066 1476 1106 θεοῖς
1503 1078 1606 1116 προς-

210 1125 333 1163 άπτων
360 1126 406 1165 Ι).
425 1127 467 1164 L.
483 1125 535 1175 X,
554 1126 656 1176 123).

314 1186 464 1224 Vivunt
499 1192 630 1225 autem
667 1187 734 1224 isti
771 1186 825 1223 dii
861 1186 963 1225 locis
998 1199 1164 1236 prorsus
1201 1187 1251 1225 ab
1279 1188 1339 1226 his
1368 1188 1517 1226 nostris
1547 1199 1606 1225 se-

201 1247 367 1296 junctis,
395 1247 434 1284 in
456 1247 620 1286 sedibus
641 1247 889 1297 quibusdam,
910 1259 1012 1297 quae
1035 1252 1126 1286 sunt
1143 1248 1357 1286 intervalla
1375 1248 1481 1287 inter
1501 1260 1607 1286 mun-

210 1308 284 1348 dos
320 1306 507 1358 (medium
548 1308 799 1347 intervallum
834 1308 948 1358 hujus
986 1313 1027 1347 et
1063 1308 1228 1347 alterius
1253 1309 1356 1347 coeli
1385 1309 1526 1348 Senec.
1556 1309 1606 1347 de

208 1370 346 1409 benef.
361 1369 524 1420 1V‚19)‚
553 1369 645 1408 loeo
677 1381 806 1408 vacuo
834 1373 875 1408 et
901 1370 1021 1420 plane
1050 1382 1162 1420 puro.
1192 1369 1339 1420 (μεταξὺ
1367 1369 1509 1421 κόσμων
1536 1371 1607 1408 δια-

210 1431 374 1481 στήματα
411 1429 448 1467 ἐν
484 1432 675 1481 πολυκενῷ
702 1429 804 1479 τόπῳ
829 1430 888 1467 καὶ
914 1430 1092 1481 εἰλικρινεῖ
1114 1431 1160 1469 D.
1176 1430 1294 1481 L.X‚
1310 1432 1390 1480 89).
1444 1432 1607 1471 Inter-

208 1493 405 1531 mundia
445 1490 701 1543 (μετακόσμια)
739 1492 893 1541 quidem
925 1492 1025 1531 haec
1063 1492 1156 1531 loca
1182 1497 1379 1532 vocantur
1414 1493 1514 1540 (Cic.
1543 1493 1607 1533 fin.

209 1554 262 1602 ΙΙ,
278 1554 340 1602 23,
358 1553 427 1602 75;
454 1566 492 1590 n.
510 1553 547 1590 d.
564 1553 594 1601 1,
611 1553 646 1601 8,
664 1553 731 1600 18;
761 1552 837 1590 div,
853 1552 976 1601 11‚17,
991 1551 1079 1602 40),
1111 1553 1215 1602 quod
1242 1553 1482 1592 vocabulum
1501 1555 1608 1603 apud

208 1614 436 1654 Lucretium
456 1625 533 1651 non
555 1612 766 1651 invenitur.
797 1612 838 1651 Is
867 1613 971 1650 enim
999 1613 1098 1651 dicit
1124 1616 1298 1653 tantum:

333 1673 455 1723 „illud
482 1673 576 1712 item
605 1686 685 1712 non
715 1677 788 1722 est,
818 1677 862 1712 ut
889 1674 1023 1723 possis
1053 1674 1218 1713 credere
1248 1675 1398 1714 sedes

332 1747 425 1775 esse
455 1735 571 1773 deam
601 1738 763 1773 sanctas
793 1735 833 1772 in
861 1735 995 1773 mundi
1023 1735 1205 1785 partibus
1235 1735 1351 1774 ullis“

210 1797 278 1847 (V,
299 1797 404 1847 146),
434 1796 512 1834 alio
538 1795 652 1835 loco:

333 1869 483 1907 „quare
513 1857 632 1894 etiam
662 1856 806 1894 sedes
838 1868 993 1905 quoque
1021 1857 1172 1895 nostris
1203 1857 1365 1896 sedibus
1394 1868 1484 1895 esse
1541 1903 1544 1906 Δ

335 1917 550 1956 dissimiles
580 1917 754 1955 debent“
783 1916 851 1965 (V,
870 1916 974 1967 153),
1004 1917 1104 1957 alio:
1136 1918 1283 1966 „sedes
1311 1917 1484 1968 quietae,

336 1991 435 2029 quas
465 1989 594 2027 neque
624 1978 858 2016 concutiunt
885 1978 995 2016 venti
1023 1990 1070 2016 ac
1097 1979 1234 2018 nubila
1262 1979 1403 2017 nimbis

332 2043 554 2089 aspergunt
580 2051 711 2088 neque
741 2039 809 2077 nix
837 2040 921 2078 acri
951 2045 1143 2080 concreta
1169 2041 1312 2092 pruina

338 2113 442 2140 cana
471 2101 622 2139 cadens
652 2101 788 2150 violat,
818 2114 1056 2152 semperque
1084 2104 1284 2148 innubilus
1312 2102 1450 2141 aether

333 2162 480 2211 integit
507 2166 548 2199 et
574 2162 689 2212 large
717 2162 859 2201 diffuso
888 2163 1035 2202 lumine
1062 2164 1222 2202 rident“
1276 2161 1526 2212 (111‚18)-²¹)

315 2221 396 2262 Sed
424 2220 618 2274 Epicurus
648 2224 699 2262 ad
719 2223 953 2274 Pythoclem
981 2226 1146 2276 scripsit
1173 2225 1291 2274 (D.L.
1308 2224 1454 2274 X,89):
1483 2236 1609 2273 μετα-

212 2284 395 2335 κόσμιόν
428 2284 538 2333 ἐστιν,
574 2284 593 2322 ὃ
624 2284 773 2334 λέγομεν
799 2285 929 2334 μεταξὺ
958 2285 1103 2336 κόσμων
1132 2287 1323 2336 διάστημα.
1378 2286 1512 2334 Atque
1541 2283 1608 2321 ille
1678 2317 1696 2325 -

211 2347 401 2387 vocabuli
430 2345 687 2397 μετακοσμίου,
718 2352 905 2396 quantum
933 2348 1113 2387 invenire
1142 2347 1275 2395 potui,
1305 2346 1496 2397 singulari
1525 2350 1594 2384 tan

212 2413 292 2447 tum
322 2421 489 2447 numero
518 2408 674 2446 videtur
700 2421 796 2447 usus
825 2422 929 2448 esse.
966 2410 1044 2447 Hic
1074 2409 1174 2447 enim
1200 2421 1385 2446 numerus
1410 2409 1448 2445 in
1471 2409 1611 2446 eadem

214 2470 473 2520 paragrapho
502 2468 585 2519 (89)
627 2469 687 2508 bis
729 2460 875 2518 legitur
917 2476 1131 2519 praeterea
1168 2483 1262 2507 vero
1299 2471 1337 2507 id
1378 2469 1611 2507 vocabulum

299 2612 342 2650 ¹¹)
368 2611 494 2642 Totum
519 2610 607 2642 hune
633 2610 744 2642 locum
773 2611 838 2653 (V,
867 2610 999 2650 18—24)
1023 2610 1208 2643 Lucretius
1232 2620 1274 2642 ex
1297 2610 1457 2652 Odyssea
1479 2609 1557 2649 (VI,
1574 2609 1612 2640 42

214 2661 299 2694 —46
320 2661 456 2693 videtur
479 2661 637 2693 vertisse.
