1804 2936
872 149 921 185 12

301 269 399 307 Tum
428 282 543 318 vero,
579 273 621 307 ut
658 269 959 319 complexiones
989 273 1029 307 et
1065 270 1348 320 copulationes
1378 274 1420 308 et
1447 270 1591 308 adhae-

198 330 413 369 sitationes
440 337 584 378 (nexus
612 329 729 369 Lucr.
748 330 780 380 I,
799 330 885 369 240.
902 330 990 379 244,
1019 334 1158 370 coetus
1176 331 1287 370 1017.
1309 332 1415 371 1047.
1443 331 1591 381 11,919‚

196 395 357 430 textura
385 389 523 440 1,247)
558 396 778 430 atomorum
812 391 917 431 inter
953 390 1042 441 se9)
1078 394 1120 429 et
1156 392 1336 431 oriantur
1368 396 1410 431 et
1444 396 1592 431 certam

197 452 422 491 firmitatem
456 451 668 503 (ὑπέρεισιν)
704 452 918 501 variosque
955 457 1085 492 motus
1121 453 1342 504 accipiant,
1385 453 1592 492 Lucretius

180 515 306 562 -dicit,
389 525 573 562 corpora,
602 525 687 551 cum
716 514 902 551 deorsum
930 518 1081 552 rectum
1109 526 1182 563 per
1209 515 1327 553 inane
1356 515 1537 553 ferantur

389 574 674 623 ...spatio
702 573 951 612 decedere
981 574 1172 624 paulum

197 635 476 686 (11‚217.219,
510 635 576 672 ubi
606 634 834 683 „decellere
863 635 1061 684 paullum‘·
1096 635 1196 685 legit
1221 636 1517 685 Laohmannus‚
1545 649 1595 666 =

197 696 356 745 paulum
384 694 579 733 inclinare
607 696 658 745 ll,
676 697 769 744 243,
801 696 1004 734 declinare
1033 696 1139 744 250).
1196 696 1355 735 Tertius
1384 696 1506 745 igitur
1534 699 1597 734 est

198 761 355 795 motus
392 756 758 796 declinationis
795 756 948 806 (exigui
987 757 1272 797 clinaminis
1307 757 1424 796 Lucr.
1449 756 1500 804 11,
1520 755 1596 795 292

197 834 246 851 =
274 818 405 868 κίνησις
431 818 454 866 ἡ
481 816 573 855 κατὰ
601 816 828 866 παρέγκλισιν
856 817 960 856 Plut.
981 818 1087 868 plac.
1107 819 1171 868 ph.
1192 819 1222 867 I,
1239 819 1305 866 12;
1321 818 1352 866 I,
1367 816 1446 867 23).
1482 817 1594 863 Quae

199 879 418 917 declinatio
447 890 522 916 nec
551 882 664 916 certo
692 882 874 929 tempore
903 891 978 917 nec
1006 882 1119 918 certo
1138 879 1230 918 loco
1251 879 1363 918 sacta
1391 877 1594 929 „necessi-

199 940 346 980 tatem“
375 941 513 990 istam,
553 952 669 990 quam
705 944 745 979 et
777 940 881 979 ictus
910 944 952 979 et
979 940 1137 990 pondus
1165 941 1376 990 inducunt,
1405 939 1530 978 evitat
1554 942 1596 978 et

200 1002 374 1052 „rumpit
402 1001 475 1038 sati
504 1000 710 1039 foede1·a.“
767 1001 881 1040 Lucr.
900 1001 957 1050 II,
975 1001 1051 1041 282
1073 1014 1132 1051 sq.
1162 1002 1232 1049 (cf.
1254 1002 1337 1041 Cic.
1357 1002 1407 1040 de
1427 1001 1513 1040 fato
1535 1000 1595 1050 10,

199 1064 267 1103 222
286 1063 484 1114 Epicurus
501 1061 774 1101 declinatione
791 1055 915 1101 atomi
930 1063 1047 1101 vitari
1066 1064 1137 1102 fati
1154 1063 1436 1103 necessitatem
1451 1063 1597 1112 putat.)

197 1126 299 1163 Nam
320 1124 520 1162 exclamat
539 1123 768 1161 Lucretius:
799 1123 859 1172 „si
879 1124 972 1161 inde
992 1124 1043 1161 ab
1063 1124 1177 1161 initio
1199 1124 1330 1161 omnia
1351 1123 1595 1161 necessitate

200 1185 536 1225 determinantur:

322 1247 453 1284 libera
480 1257 553 1294 per
581 1248 711 1283 terras
739 1245 844 1282 unde
872 1244 971 1282 haec
999 1245 1266 1283 animantibus
1295 1249 1440 1294 exstat,

323 1307 427 1345 unde
456 1310 518 1345 est
545 1305 658 1354 haec,
687 1306 861 1355 inquam,
891 1306 985 1345 fatis
1015 1305 1156 1344 avolsa
1182 1305 1380 1355 voluntas,

200 1369 378 1416 (Lachm.
409 1365 666 1417 „potestas“)

326 1441 399 1479 per
429 1440 544 1478 quam
574 1418 852 1478 progredimur
881 1440 958 1478 quo
987 1429 1095 1466 ducit
1123 1440 1318 1477 quemque
1346 1428 1545 1476 voluntas,

326 1489 572 1528 declinamus
599 1489 693 1527 item
721 1492 852 1527 motus
880 1499 956 1526 nec
981 1491 1160 1540 tempore
1192 1494 1303 1528 certo

323 1563 399 1589 noc
428 1550 596 1599 regione
625 1550 705 1588 loci
734 1553 856 1599 certa,
888 1551 962 1589 sed
990 1550 1055 1589 ubi
1079 1552 1173 1603 jpsa
1201 1552 1290 1590 tulit
1317 1551 1456 1588 mens?

200 1613 364 1662 (11‚256
386 1617 464 1660 sq.)
518 1611 640 1648 Immo
672 1622 745 1658 „ne
774 1622 885 1648 mens
913 1610 1005 1660 ipsa
1032 1622 1242 1649 necessum

320 1672 552 1711 intestinum
580 1672 730 1710 habeat
757 1671 911 1710 cunctis
940 1672 978 1709 in
1006 1673 1126 1711 rebus
1155 1672 1323 1722 agendis

322 1794 365 1833 id
388 1793 486 1832 facit
516 1793 698 1844 exiguum
729 1792 926 1832 clinamen
953 1793 1263 1845 principiorum⁴‘

197 1857 268 1904 (II,
285 1856 392 1904 289.)
420 1856 562 1904 ltaque
593 1868 707 1905 quum
737 1855 974 1904 corporibus
1002 1855 1139 1905 primis
1166 1855 1296 1893 libera
1322 1855 1374 1894 sit
1393 1854 1595 1893 voluntas:

631 1927 729 1966 „sua
755 1916 897 1966 cuique
927 1916 1112 1955 voluntas

632 1977 869 2028 principium
895 1977 991 2016 dat“
1045 1978 1171 2025 (261.)

303 2039 378 2078 His
418 2039 600 2078 omnibus
634 2038 771 2084 ,causis
804 2039 965 2077 tandem
993 2040 1224 2079 mundorum
1252 2039 1419 2078 infinitio
1450 2037 1597 2077 effecta

200 2106 264 2140 est
292 2100 356 2151 (V,
372 2101 448 2139 428
473 2100 561 2152 sq.),
599 2113 716 2151 quam
748 2104 918 2150 propter
952 2100 1131 2141 ordinem
1158 2100 1241 2142 τοὺς
1267 2099 1424 2150 κόσμους
1450 2098 1598 2139 Graeci

198 2162 413 2200 vocabant.
429 2161 481 2209 ¹⁰)
536 2160 618 2200 Sed
646 2162 769 2200 multa
798 2161 919 2199 etiam
945 2161 1185 2211 corpuscula

365 2252 373 2260 .
404 2252 412 2260 .
437 2235 622 2273 magnum
646 2234 721 2272 per
746 2223 867 2260 inane
893 2226 1105 2273 vagantur,

325 2283 509 2322 conciliis
537 2295 670 2321 rerum
699 2294 800 2332 quae
830 2286 922 2327 sunt
946 2283 1102 2321 reiecta
1128 2295 1203 2321 nec
1231 2294 1398 2332 usquam

325 2343 562 2383 consociare
592 2343 710 2381 etiam
737 2347 867 2382 motus
895 2347 1066 2394 potuere
1092 2346 1263 2393 recepta
1316 2342 1382 2391 (Π,
1398 2341 1490 2392 109)

285 2455 308 2493 ·)
345 2453 403 2485 Sic
427 2464 480 2496 ap.
506 2453 577 2486 Cic.
601 2454 692 2487 offic.
715 2455 742 2492 Ι,
759 2456 787 2493 6,
806 2455 844 2487 19
864 2468 905 2483 =
926 2445 1127 2495 πολυμιξίαι
1155 2446 1226 2482 τῶν
1252 2444 1471 2508 σπερμάτων
1506 2452 1596 2485 Plut.

199 2503 271 2534 Col.
286 2505 324 2541 5;
353 2496 568 2545 περικλοπαί
592 2504 633 2536 D
647 2503 686 2536 1.
703 2504 746 2543 X,
765 2505 815 2537 43.
827 2497 879 2542 44,
907 2497 1116 2546 περιλήψεις
1142 2497 1212 2533 τῶν
1240 2494 1384 2546 ἀθρόων
1410 2505 1454 2542 Χ,
1476 2504 1525 2537 56

287 2558 327 2594 ¹⁰)
340 2555 533 2610 Epicurus
547 2555 581 2588 id
598 2556 689 2598 quod
706 2557 841 2588 nomine
856 2556 1040 2588 collectivo
1058 2556 1210 2593 „mundi“
1229 2556 1471 2597 significamus,
1495 2555 1597 2587 etiam

197 2609 370 2646 περῑθχην
398 2611 473 2633 τινα
498 2597 650 2645 Οὖρανῦῦ
683 2606 945 2645 (continentiam
977 2606 1146 2647 quandam
1174 2607 1276 2645 coeli)
1312 2610 1431 2643 vocat,
1465 2605 1597 2641 stellas,

198 2657 328 2687 terram
351 2657 387 2687 et
417 2664 506 2698 quae
535 2654 693 2688 videntur
716 2656 833 2688 omnia
855 2655 1203 2699 comprehendentem
1229 2656 1284 2698 (D.
1299 2656 1339 2689 L.
1356 2655 1399 2694 X,
1411 2655 1475 2695 88).
