1804 2936
861 218 912 257 29

197 338 359 388 τίθησιν).
415 338 474 376 De
504 338 665 388 reliquis
696 340 923 378 auctoribus
954 340 1050 377 satis
1079 343 1141 377 cst
1169 340 1218 377 ad
1247 339 1442 377 Zellerum
1472 340 1579 388 (pag.

197 399 273 438 406
284 398 392 448 sqq.)
419 410 624 438 revocare.

300 459 456 497 Deinde
493 460 625 509 ignem
659 464 700 498 ct
727 473 865 510 aquam
895 461 1031 510 Hippo
1059 459 1263 510 Rheginus
1291 464 1331 498 et
1357 459 1580 508 Archelaus

198 519 456 559 Atheniensis
475 532 604 558 rerum
624 520 821 570 principia
840 533 929 559 csse
949 522 1180 559 docuerunt.
1206 520 1316 567 ‘Sane
1336 519 1581 559 Aristotcles

200 581 424 629 confirmat,
468 581 697 631 Hipponem
733 594 818 620 cum
854 583 1021 621 Thalete
1061 595 1191 620 rerum
1226 581 1394 620 omnium
1428 580 1582 618 initium

198 653 340 691 aquam
382 640 658 691 statuissessss),
705 646 746 680 et
779 641 1009 680 Alexander
1047 642 1373 692 Aphrodisiensis
1413 642 1452 679 in
1494 640 1580 694 ejus

197 702 370 752 metaph.
386 702 416 752 1,
431 703 455 741 3
483 705 592 753 (pag.
604 704 651 741 21
670 704 731 742 ed.
746 703 907 747 Bonitz)
936 703 1054 743 dicit:
1072 699 1233 740 Ἵππωνα
1250 703 1443 751 ἱστοροῦσιν
1465 700 1582 751 ἀρχὴν

197 763 324 803 ἁπλῶς
357 765 397 799 τὸ
425 762 530 815 ὑγρὸν
559 762 768 813 ἀδιορίστως
793 762 1012 813 ὑποθέσθαι,
1061 763 1102 800 οὐ
1137 764 1405 814 διασαφήσαντα
1431 761 1581 811 πότερον
1635 807 1641 812 „

197 822 294 874 ὕδωρ
321 824 371 863 ὥς
398 822 533 874 Θαλῆς,
559 823 583 873 ἢ
611 824 692 875 ἀήρ,
722 826 773 865 ὥς
794 822 1025 874 Ἀναξιμένης
1051 824 1108 861 καὶ
1125 822 1291 873 Διογένης
1309 837 1340 860 κ.
1361 836 1391 861 τ.
1411 824 1444 861 λ.
1499 821 1581 860 Sed

197 896 313 934 quum
339 884 475 933 Hippo
504 897 554 923 cx
580 897 686 935 aqua
712 885 853 934 ignem,
880 890 961 922 tum
987 897 1085 922 vcro
1105 896 1154 922 ex
1174 896 1279 933 aqua
1296 884 1381 932 igni
1400 884 1582 921 absumta

195 944 379 984 mundum
407 950 586 984 exortum
616 957 706 984 esse
736 943 996 995 censeret-34),
1027 945 1186 983 suerunt
1205 944 1339 994 ctiam,
1368 944 1434 994 qui
1452 944 1582 994 ipsum

195 1006 325 1056 ignem
356 1004 440 1044 cum
468 1019 571 1056 aqua
600 1006 850 1056 conjunctum
869 1007 918 1045 ab
940 1019 987 1045 eo
1007 1019 1135 1045 rerum
1156 1006 1390 1056 principium
1408 1006 1583 1044 habitum

197 1078 286 1104 esse
314 1069 514 1115 putarent.
570 1067 681 1105 Inter
709 1080 808 1117 quos
828 1067 1025 1117 Origenes
1057 1072 1129 1109 est.
1160 1067 1243 1117 qui:
1264 1061 1410 1115 Ἵππων,
1440 1066 1581 1116 inquit,

197 1128 216 1164 ὁ
239 1125 404 1184 (Ρῃγῖνος
431 1127 546 1179 ἀρχὰς
571 1127 643 1179 ἔφη
672 1127 808 1179 ψυχρὸν
835 1128 875 1164 τὸ
896 1128 992 1178 ὕδωρ
1012 1128 1069 1165 καὶ
1094 1128 1227 1178 θερμὸν
1254 1127 1293 1165 τὸ
1314 1130 1383 1176 πῦρ
1412 1128 1452 1175 (l.
1472 1128 1580 1165 infra

197 1188 261 1238 c.),
290 1188 435 1227 Sextus
462 1189 685 1239 Empiricus
720 1189 928 1239 (Pyrrhon.
956 1189 1047 1239 hyp.
1073 1189 1144 1236 ΠΙ,
1172 1189 1233 1237 30,
1262 1201 1300 1238 p.
1322 1188 1396 1226 130
1422 1191 1464 1226 et
1491 1188 1582 1227 adv.

195 1249 475 1299 mathem.1X,
496 1251 589 1299 361,
617 1263 655 1300 p.
672 1250 768 1289 620:
795 1245 929 1287 Ἵππων
957 1250 998 1286 δὲ
1026 1249 1045 1286 ὁ
1067 1247 1229 1299 Ῥηγῖνος
1262 1250 1330 1298 πῦρ
1364 1249 1422 1286 καὶ
1455 1248 1581 1299 ὕδωρ),

198 1310 374 1348 Galenus
402 1310 510 1354 (hist.
540 1311 632 1360 phil.
663 1323 695 1349 6.
723 1311 758 1348 5.
788 1314 815 1349 t.
843 1310 954 1358 XIX,
984 1323 1021 1359 p.
1039 1310 1143 1360 243).
1174 1331 1221 1336 ——
1251 1310 1332 1348 Sed
1361 1311 1410 1347 ad
1434 1310 1580 1347 Arche-

195 1370 300 1408 laum
330 1375 592 1409 transeamus.
640 1372 680 1409 Is
710 1372 867 1420 quidem
894 1374 1164 1421 Anaxagorae
1195 1370 1413 1420 discipulus
1442 1383 1463 1408 e
1493 1383 1582 1420 par-

196 1432 327 1469 ticulis
355 1432 461 1469 inter
490 1444 533 1469 se
561 1432 832 1481 dissimilibus,
862 1433 1001 1481 quibus
1031 1431 1187 1479 singula
1218 1442 1399 1480 quaeque
1428 1432 1581 1475 fierent,

194 1492 253 1530 ita
280 1493 410 1530 omnia
440 1495 625 1529 constare
653 1492 808 1541 putavit
834 1496 877 1530 ut
906 1492 1040 1531 inesse
1070 1491 1188 1530 etiam
1215 1495 1385 1529 mentem
1414 1491 1581 1539 diceret,

200 1565 300 1600 quac
337 1553 544 1601 particulis
586 1553 664 1591 illis
704 1554 995 1603 conjungendis
1039 1557 1081 1590 et
1122 1552 1366 1600 dissipandis
1401 1551 1583 1589 efficeret

196 1611 402 1660 omnia35).
456 1612 532 1650 His
554 1616 684 1651 autem
707 1614 953 1663 corpusculis
976 1625 1048 1662 pro
1073 1624 1165 1650 aere
1182 1609 1403 1661 positis3⁰)‚
1432 1611 1579 1653 Arche-

195 1674 294 1721 laus,
324 1673 376 1711 ad
402 1673 659 1712 Anaximenis
689 1675 909 1713 doctrinam
936 1678 1164 1721 revertens,
1202 1686 1252 1711 ex
1279 1673 1367 1723 ipso
1396 1679 1489 1710 aeire
1518 1673 1582 1711 vel

197 1735 367 1771 densato
409 1734 472 1771 vel
510 1739 674 1773 tenuato
717 1735 817 1773 dixit
852 1735 983 1772 omnia
1011 1734 1183 1783 oriri37).
1255 1726 1438 1784 Denique
1465 1746 1583 1784 quum

197 1795 382 1844 doceret,
418 1807 466 1832 cx
496 1807 589 1833 aere
617 1796 680 1833 vel
707 1796 876 1834 densato
905 1796 969 1834 vel
996 1800 1162 1835 tenuato
1190 1796 1351 1846 primum
1381 1796 1513 1845 ignem
1542 1797 1584 1832 et

198 1866 358 1904 aquam,
400 1856 544 1894 deinde
574 1868 623 1894 ex
650 1857 710 1895 his
739 1857 817 1895 alia
846 1859 977 1895 omnia
1004 1855 1203 1905 nasciffl),
1246 1858 1395 1895 factum
1423 1859 1504 1904 est,
1541 1859 1584 1893 ut

198 1916 354 1967 quidam
383 1917 541 1954 omnino
565 1916 699 1966 ignem
726 1922 767 1955 et
795 1929 936 1966 aquam
965 1918 1015 1956 ab
1043 1930 1091 1956 co
1119 1930 1246 1956 rerum
1273 1917 1472 1967 principia
1490 1928 1581 1954 con-

282 2017 322 2056 ³³)
345 2016 663 2058 Aristot.n1e1aph
682 2017 707 2055 I,
725 2017 753 2056 3,
769 2028 801 2059 p.
811 2016 883 2056 384,
907 2027 935 2048 a.
953 2018 980 2049 2
999 2018 1049 2049 ed.
1066 2018 1213 2049 Becker.
1249 2036 1286 2041 —
1319 2017 1362 2048 de
1384 2016 1537 2054 animaI,
1553 2015 1582 2047 2.

197 2078 229 2109 p.
243 2066 313 2099 405.
337 2067 445 2098 Beck.
485 2066 691 2121 -Idomquc
716 2068 801 2099 dicit
823 2067 1020 2121 Simplicius
1043 2068 1086 2100 ad
1108 2069 1205 2111 phys.
1229 2069 1249 2100 f.
1265 2069 1294 2106 6,
1319 2079 1347 2101 a
1365 2058 1581 2122 m..(i'›0·1tep

198 2108 322 2158 Θαλῆς
349 2139 357 2147 .
379 2138 416 2147 .,
450 2109 506 2146 καὶ
523 2104 678 2158 Ἵππων,
709 2108 747 2149 ὃς
776 2111 877 2147 δοκεῖ
899 2110 957 2147 καὶ
983 2110 1092 2151 ἄθεος
1117 2111 1305 2160 γεγονέναι,
1331 2109 1429 2159 ὕδωρ
1456 2108 1583 2158 ἔλεγον

198 2159 261 2209 τὴν
288 2159 417 2210 ἀρχήν.
441 2187 481 2192 -
503 2168 584 2200 ibid.
607 2179 639 2210 p.
654 2139 703 2207 3⁷2,
719 2178 748 2200 a.
771 2187 811 2192 —
832 2169 874 2200 ad
897 2170 1046 2201 Aristot.
1071 2170 1113 2201 de
1135 2169 1277 2211 coclop
1281 2169 1375 2207 .148,
1388 2179 1418 2201 a.

279 2220 318 2259 ³⁴)
344 2220 513 2271 Origenes
543 2220 737 2272 philosoph
763 2220 817 2252 16:
861 2212 1070 2261 γεννώμενιν
1098 2212 1141 2250 δὲ
1174 2212 1214 2248 τὸ
1248 2213 1316 2261 πῦρ
1350 2211 1418 2248 ὑπὸ
1452 2209 1582 2250 ὕδατος

197 2264 423 2310 κατανικῆσαι
454 2260 516 2310 τὴν
544 2262 607 2297 τοῦ
633 2261 863 2311 γεννήσαντος
889 2263 1051 2326 δύναμιν,
1087 2265 1258 2311 συστῆσαι
1284 2262 1323 2299 τὲ
1348 2261 1408 2298 τὸν
1436 2259 1583 2310 κόσμον.

281 2320 322 2361 3”)
334 2320 494 2380 simplic.
524 2319 577 2352 ad.
598 2320 695 2375 phys.
718 2319 753 2358 7,
770 2330 818 2353 a.:
862 2311 925 2353 τὰς
950 2312 1082 2376 ἀρχὰς
1117 2313 1158 2351 δὲ
1194 2312 1258 2353 τὰς
1298 2312 1408 2353 αὐτὰς
1441 2311 1581 2349 δίδωσιν

196 2361 309 2412 ἅσπερ
334 2359 592 2426 Ἀναξαγόρας·
633 2361 730 2399 οὗτοι
756 2363 819 2411 μὲν
846 2362 908 2400 οὖν
938 2363 1104 2414 ἀπειρους
1130 2367 1183 2413 τῷ
1209 2364 1341 2412 πλήθει
1368 2363 1425 2400 καὶ
1451 2362 1582 2412 ἀνομο-

195 2414 305 2461 γενεῖς
328 2412 392 2452 τὰς
418 2411 534 2463 ἀρχὰς
562 2411 705 2461 λέγουσι
725 2413 789 2453 τὰς
814 2413 1061 2463 ὁμοιομερείας
1086 2414 1240 2454 τιθέντες
1266 2414 1445 2465 ἀρχάςψ-
1462 2423 1581 2462 Augu-

198 2471 276 2506 stin.
299 2472 394 2506 civit.
416 2471 469 2504 dei
498 2472 591 2510 VIII,
608 2472 637 2505 2.

282 2522 328 2563 ³⁸)⁴
346 2523 460 2555 zener
481 2533 514 2566 p.
536 2523 606 2555 715.
952 2533 962 2540 ·

280 2574 320 2613 ³³)
343 2573 439 2604 Sext.
456 2574 552 2615 Emp.
567 2574 668 2605 math
686 2574 745 2613 IX,
758 2574 833 2607 330:
855 2564 952 2616 Ἀρχ
956 2596 1065 2605 .....
1085 2565 1174 2630 ἀέρα
1196 2564 1315 2616 [ἔλεξε
1333 2566 1477 2603 πάντων
1498 2564 1580 2603 aba

197 2613 292 2666 ἀρχὴ
294 2627 311 2651 ν
330 2628 387 2653 και
408 2614 612 2678 στοιχεῖον]
629 2644 650 2648 -
655 2625 774 2657 -.Plut
788 2625 875 2680 plac
897 2626 976 2668 phil.
991 2627 1017 2663 1,
1030 2629 1057 2665 3,
1071 2626 1121 2658 12:
1141 2616 1248 2669 Ἀρχ
1347 2648 1355 2657 .
1375 2617 1464 2669 ἀέρα
1484 2616 1580 2654 ἄπε-

198 2679 257 2713 ρον
292 2680 348 2702 και
375 2668 437 2715 τὴν
465 2666 542 2715 περὶ
568 2668 673 2704 αὐτὸν
700 2668 902 2719 πυκνότητα
936 2668 993 2706 καὶ
1020 2670 1186 2719 μάνωσιν.
1224 2669 1360 2707 τούτων
1387 2670 1430 2707 δὲ
1454 2669 1495 2707 τὸ
1522 2669 1584 2718 μὲν

197 2714 283 2753 εἶναι
309 2719 377 2768 πῦρ
405 2717 445 2755 τὸ
470 2717 511 2755 δὲ
538 2717 646 2769 ύδωρ.
