1804 2936
868 157 919 196 32

443 278 644 329 conjicere
667 281 711 316 ut
735 279 869 329 possis
891 291 941 318 ex
959 280 1048 329 hoc,
1077 291 1180 329 quae
1201 290 1367 318 cernere
1387 291 1469 317 non
1490 279 1590 329 q-uis,

442 344 660 378 extremum
685 340 792 389 quod
810 340 978 390 habent,
1009 341 1205 379 minimum
1232 340 1455 379 consistere
1477 352 1588 390 pror-

196 413 301 449 sum,
318 400 589 450 Empedocles
605 402 744 440 docuit
757 413 887 450 neque
905 405 1062 441 atomos
1079 414 1184 450 esse,
1201 414 1223 439 e
1239 402 1380 451 quibus
1404 404 1591 450 quattuor

197 462 268 500 illa
295 461 497 501 elementa
525 465 776 512 constarent,
812 474 940 513 neque
977 475 1149 512 corpora
1183 463 1221 500 in
1247 462 1438 500 infinitum
1468 460 1592 500 dividi

196 536 333 573 posse.
389 522 496 562 Sane
524 523 763 562 Plutarchus
794 524 954 563 scribit:
990 525 1111 574 (plac.
1140 525 1234 574 phil.
1262 525 1293 574 Ι,
1310 524 1395 570 132)
1415 520 1592 572 Ἐμπεδο-

194 585 286 634 κλῆς
312 584 381 634 πρὸ
409 586 480 621 τῶν
508 585 690 634 τεσσάρων
719 584 902 636 στοιχείων
930 584 1144 635 θραύσματα
1171 584 1344 636 ἐλάχιστα
1370 582 1475 621 οἱονεὶ
1497 596 1590 619 -στοι-

195 645 279 696 χεῖα
312 645 382 696 πρὸ
417 645 623 696 στοιχείων,
660 645 874 696 ὁμοιομερῆ,
908 645 995 696 ὅπερ
1029 645 1103 683 ἐστὶ
1135 645 1337 696 στρογγύλα
1371 645 1441 695 (cf.
1471 644 1592 682 etiam

195 705 301 755 plac.
324 705 419 754 phil.
446 706 573 754 J‚17):
603 707 676 746 sed
704 707 742 744 in
774 720 910 745 errore
940 720 1027 745 cum
1055 708 1210 745 versari
1237 707 1385 757 optime
1415 705 1593 743 ostendit

195 765 380 805 Zellerus
408 767 464 816 (p.
480 767 551 807 511
571 780 659 819 sqq.
690 781 777 807 cum
804 767 969 816 annot),
999 768 1065 818 qui
1094 781 1142 806 ex
1171 768 1405 807 Aristotelis
1434 766 1591 816 quibus-

197 829 289 867 dam
318 829 498 878 scriptis,
535 829 627 878 quid
665 830 714 867 de
750 829 1006 878 Empedoclis
1045 829 1247 868 sententia
1281 823 1490 867 dicendum
1527 827 1590 875 sit,

199 889 503 928 accuratissime
523 889 744 939 explicavit
808 890 935 929 Nobis
955 903 1066 940 vero,
1086 895 1130 928 ut
1150 891 1349 932 videamus
1368 889 1593 928 Lucretium

200 964 339 990 veram
368 951 628 1001 Empedoclis
657 951 896 989 sententiam
926 952 1120 1001 attulisse,
1150 952 1250 991 satis
1279 955 1352 1000 est,
1379 952 1480 989 haec
1507 954 1593 988 tan-

197 1015 280 1050 tum
309 1013 433 1050 verba
462 1023 791 1050 commemorare:
815 1009 1060 1061 Ἐμπεδοκλεῖ
1082 1012 1123 1049 δὲ
1149 1011 1193 1049 τὰ
1219 1012 1282 1062 μὲν
1311 1010 1407 1049 ἄλλα
1427 1010 1593 1063 φανερὸν,

198 1072 252 1110 ὅτι
284 1072 392 1124 μέχρι
425 1075 497 1110 τῶν
528 1073 714 1124 στοιχείων
748 1071 827 1123 ἔχει
860 1073 923 1123 τὴν
954 1073 1088 1122 γένεσιν
1123 1073 1180 1111 καὶ
1207 1074 1269 1123 τὴν
1298 1071 1448 1124 φθορὰν,
1477 1072 1594 1110 αὐτῶν

199 1134 241 1171 δὲ
268 1132 406 1172 τούτων
439 1135 516 1174 πῶς
540 1134 672 1183 γίνεται
698 1133 756 1170 καὶ
782 1133 967 1183 φθείρεται
994 1134 1034 1170 τὸ
1063 1133 1310 1183 σωρευόμενον
1333 1134 1486 1182 μέγεθος
1513 1132 1595 1169 οὔτε

200 1195 314 1244 δῆλον
347 1193 431 1232 οὔτε
466 1193 650 1245 ἐνδέχεται
685 1193 799 1243 λέγειν
833 1194 933 1245 αὐτῷ
960 1195 1009 1245 μὴ
1038 1193 1175 1243 λέγοντι
1201 1194 1258 1231 καὶ
1285 1195 1347 1231 τοῦ
1375 1195 1485 1243 πυρὸς
1512 1191 1598 1231 εἶναι

198 1258 387 1307 στοιχεῖον,
416 1255 550 1305 ὁμοίως
577 1255 617 1292 δὲ
645 1254 703 1292 καὶ
729 1257 799 1292 τῶν
827 1254 952 1293 ἄλλων
981 1255 1171 1293 ἁπάντων·
1200 1256 1341 1303 (Arist.
1366 1256 1422 1294 de'
1441 1267 1531 1306 gen.
1556 1259 1596 1293 et

200 1330 302 1357 corr.
331 1318 362 1368 I,
377 1318 412 1356 8.
428 1317 516 1365 325,
531 1317 568 1365 b,
586 1317 645 1356 19.
673 1338 724 1343 —
751 1330 788 1356 v.
817 1317 937 1355 etiam
964 1318 1014 1356 de
1044 1317 1160 1356 coelo
1192 1317 1261 1366 ΙΙΙ,
1277 1318 1313 1366 6,
1328 1317 1415 1366 305,
1437 1318 1491 1365 a.)

305 1378 405 1416 Tum
433 1389 529 1415 vero
558 1377 768 1416 Lucretius
797 1378 955 1417 dicens:

251 1439 300 1489 (I,
311 1438 422 1490 753):
450 1466 459 1476 .
491 1469 500 1478 .
529 1468 538 1477 .
567 1438 811 1488 „primordia
836 1451 967 1478 rerum

446 1498 613 1549 „Mollia
641 1499 915 1539 constituunt‘⁴

201 1562 277 1611 (sc.
297 1558 567 1609 Empedocles
596 1563 638 1598 et
666 1560 732 1610 qui
758 1561 861 1599 hunc
891 1555 1020 1600 secuti
1048 1561 1157 1608 sunt)
1183 1561 1362 1601 breviter
1381 1560 1453 1600 sed
1481 1559 1597 1598 nimis

202 1624 375 1662 obscure
403 1621 445 1659 id
473 1620 685 1671 significat,
715 1622 822 1672 quod
841 1622 1111 1671 Empedocles
1140 1622 1189 1660 de
1216 1622 1429 1672 primorum
1457 1633 1598 1671 corpo-

200 1696 287 1722 rum
313 1685 458 1721 natura
485 1682 653 1721 censuit.
707 1683 747 1721 Is
776 1683 880 1721 enim
908 1695 1023 1732 quum
1043 1682 1347 1733 primordiorum
1368 1682 1600 1732 qualitatem

201 1743 345 1783 mutari
371 1754 495 1793 posse
512 1755 690 1794 ‘prorsus
718 1748 900 1795 negaret,
930 1743 1061 1784 omnia
1088 1747 1241 1783 tantum
1261 1756 1312 1783 ex
1331 1743 1445 1782 varia
1465 1756 1599 1783 eorum

202 1805 470 1856 permixtione
513 1804 715 1854 proficisci
752 1806 889 1844 voluit.
962 1804 1085 1851 Quem
1126 1805 1176 1843 ad
1216 1806 1333 1844 finem
1372 1804 1599 1856 primordiis

203 1866 363 1904 minima
404 1866 601 1915 quaedam
644 1866 859 1911 intervalla
898 1865 1100 1915 interjecit
1139 1866 1274 1915 itaque
1309 1865 1481 1916 putavit.
1524 1865 1599 1914 pri-

205 1926 363 1965 mordia
401 1925 473 1964 illa
507 1927 563 1964 ita
597 1930 748 1965 tantum
782 1926 889 1964 inter
926 1937 970 1964 se
997 1926 1174 1975 misceri,
1211 1930 1254 1964 ut
1288 1927 1389 1965 alius
1419 1927 1601 1976 corporis

206 1987 431 2038 particulae
460 1987 500 2024 in
528 1987 742 2025 intervalla
771 1999 819 2024 ea
845 1986 1007 2036 intrent,
1038 1999 1138 2037 quae
1161 1987 1241 2025 sint
1258 1987 1363 2025 inter
1381 1986 1601 2036 particulas

207 2048 390 2099 corporis
419 2046 605 2095 alius.4¹)
633 2069 681 2074 --
718 2047 799 2086 Sed
826 2059 955 2097 neque
985 2048 1207 2097 particulae
1236 2048 1329 2086 illae
1361 2048 1484 2086 atomi
1512 2050 1604 2086 sunt

205 2122 337 2159 neque
370 2108 585 2148 intervalla
619 2108 679 2158 id,
718 2108 825 2159 quod
851 2108 1039 2159 Epicurei
1066 2109 1186 2148 inane
1215 2109 1417 2148 vocabant
1444 2109 1496 2159 (v.
1524 2109 1601 2147 loc.

206 2177 299 2209 ante
329 2171 414 2218 eit.)
470 2169 581 2215 Quae
611 2182 728 2218 quum
757 2170 815 2206 ita
843 2169 932 2218 sint,
959 2183 1038 2208 non
1065 2170 1122 2206 ita
1140 2170 1242 2207 male
1263 2170 1360 2208 dicit
1379 2170 1603 2213 Lucretius,

205 2231 489 2282 Empedoclem
516 2230 734 2281 primordia
759 2229 896 2269 mollia
923 2231 1125 2280 statuisse,
1156 2244 1298 2282 nempe
1317 2235 1368 2280 ,ut
1392 2242 1602 2282 corporum

205 2293 439 2343 particulae
458 2292 616 2331 facilius
644 2292 862 2341 meliusque
891 2292 1220 2341 permisceantur.

293 2430 335 2467 ⁴¹)
359 2426 510 2459 Aristot.
533 2423 576 2457 de
602 2424 700 2457 coelo
723 2423 785 2461 ΙΙΙ,
797 2423 825 2456 7.
848 2443 876 2447 —
903 2434 980 2465 gen.
1003 2425 1039 2455 et
1062 2426 1213 2466 corrupt.
1237 2423 1305 2463 LS.
1327 2442 1367 2448 —-
1390 2423 1604 2457 Brevissime

210 2489 264 2520 ap.
281 2479 463 2511 Platonem
485 2477 603 2516 (Meno
616 2476 665 2515 76,
684 2477 734 2515 U.)
763 2467 901 2504 Οὐκοῦν
931 2466 1055 2516 λέγετε
1078 2466 1255 2517 ἀπορροάς
1281 2480 1372 2508 τινας
1396 2470 1467 2504 τῶν
1495 2464 1605 2504 ὄντων

209 2518 280 2558 κατ’
295 2518 568 2571 Ἐμπεδοκλέα;
589 2542 637 2546 -
654 2518 804 2570 Σφόδρα
818 2531 872 2566 γε.
893 2538 938 2545 -—
960 2518 1017 2554 καὶ
1044 2517 1187 2568 πόρους,
1216 2518 1266 2561 εἰς
1286 2517 1347 2559 οὓς
1364 2518 1423 2555 καὶ
1443 2515 1482 2555 δι’
1498 2517 1607 2555 ὦναὶ

209 2569 373 2622 ἀπορῥοα
387 2571 627 2620 ὶπορεόονται;
647 2591 697 2597 —-
718 2569 818 2608 Πάνυ
832 2581 883 2617 γε.
903 2591 951 2596 -
969 2568 1027 2606 καὶ
1053 2572 1123 2606 τῶν
1151 2569 1336 2620 ἀποῤῥοῶν
1363 2568 1427 2609 τὰς
1453 2569 1517 2618 μὲν
1544 2567 1605 2618 ᾃρ-

211 2621 350 2689 ριόττειν
386 2621 489 2668 ἐνίοις
522 2625 592 2660 τῶν
627 2620 768 2672 πόρων,
814 2625 878 2659 τὰς
908 2619 949 2657 δὲ
988 2619 1159 2661 ἐλάττους
1191 2619 1215 2670 ἢ
1251 2620 1390 2671 μείζους
1426 2619 1528 2668 aba&
1555 2641 1607 2646 —

230 2671 317 2712 Εστι
349 2671 473 2712 ruffin,
503 2701 539 2704 —
564 2682 724 2714 Ueterum
750 2691 779 2712 v.
800 2679 925 2712 Zeller.
947 2692 979 2723 p.
995 2679 1145 2722 5131sq2q.
