1804 2936
864 208 914 247 35

197 324 306 376 ann.)
334 324 398 363 οὐκ
425 323 510 363 εἶναι
535 339 565 364 κ.
586 340 615 365 τ.
638 328 670 364 λ.
697 326 857 378 (fragm.
879 328 927 368 15
945 328 1085 379 Mull.)‚
1122 330 1228 369 sivo:
1265 328 1497 381 τούλάχιστον
1535 332 1583 381 μὴ

197 385 288 424 ἔστιν
321 385 405 423 εἶναι
438 387 678 436 (fragm.12.
709 387 962 437 Schaubaeh)
999 392 1103 429 Sive:
1140 387 1229 439 ὁμοῦ
1264 392 1379 427 πάντα
1414 393 1584 441 χρήματα

194 446 249 498 ἦν,
276 445 405 497 ἄπειρα
431 446 488 484 καὶ
514 447 654 498 πλῆθος
681 449 737 486 καὶ
764 448 976 500 σμικρότητα
1004 464 1034 487 κ.
1056 464 1087 488 τ.
1107 451 1139 488 λ.
1166 450 1297 500 (srgm.
1321 451 1370 499 1.)

296 508 517 547 Praeterea
548 510 813 560 Anaxagoras
848 523 898 549 ne
933 512 1051 554 inane
1082 512 1259 561 quidem,
1292 513 1396 561 quod
1426 513 1581 563 dieitur,

193 571 312 608 rebus
346 570 480 609 inesse
516 573 642 620 putat.
705 569 760 608 Ut
802 571 904 609 enim
940 571 1149 610 Lueretius
1190 583 1288 621 „nec
1321 576 1453 612 tamen
1489 586 1581 613 esse

141 667 143 669 .
193 631 274 669 ulla
312 631 423 669 Idem
464 643 514 669 ex
552 634 667 680 parte
700 631 740 668 in
772 632 892 670 rebus
927 632 1045 670 inane
1083 632 1293 670 coneedit“
1327 633 1486 683 (1‚843)‚
1522 635 1580 673 sie

191 690 434 729 Aristoteles
462 691 536 730 ait:
565 691 695 741 (phys.
716 690 785 739 IV,
805 692 841 739 6,
859 691 951 739 213)
987 692 1019 727 οἱ
1053 691 1115 740 μὲν
1150 690 1211 728 οὖν
1247 693 1419 730 δεικνύναι
1453 695 1579 743 πειρώ-

191 764 289 802 μενοι
321 749 374 789 ὅτι
407 751 472 790 οὐκ
506 750 598 790 ἔστιν
633 750 787 802 (κενὸν),
823 742 892 803 οὐχ
927 750 945 789 ὁ
976 751 1163 804 βούλονται
1194 752 1308 802 λέγειν
1339 753 1370 790 οἱ
1398 752 1580 805 ἄνθρωποι

190 814 303 859 κενὸν,
331 810 421 849 τοῦτ’
448 812 705 864 ἐξελέγχουσιν,
734 810 807 849 ἀλλ’
840 812 1100 862 ἁμαρτάνοντες
1128 812 1302 862 λέγουσιν,
1332 813 1449 864 ὥςπερ
1473 812 1578 853 Ἀνα-

191 871 341 925 Εαγόρας
367 887 399 912 κ.
420 887 450 914 τ.
472 871 572 924 λ.46)

293 935 475 985 Denique
515 936 750 985 Lucretius,
798 939 1012 986 postquam
1054 936 1246 985 dogmata
1294 936 1362 975 illa
1401 937 1578 976 refutare

191 999 357 1037 conatus
385 1000 460 1046 est,
489 996 617 1036 addit:

241 1057 412 1107 <1,875):
439 1058 649 1108 Linquitur
674 1058 737 1096 hic
767 1059 962 1108 quaedam
988 1058 1176 1097 latitandi
1205 1057 1325 1107 eopia
1351 1058 1495 1107 tenvis,

431 1119 473 1157 id
501 1120 608 1169 quod
632 1120 899 1170 Anaxagoras
928 1119 1006 1157 sibi
1033 1119 1161 1167 sumit,
1192 1123 1232 1158 ut
1251 1118 1432 1157 omnibus
1452 1119 1578 1158 omnis

431 1193 498 1220 res
526 1185 639 1231 putet
665 1181 851 1220 inmixtas
878 1182 998 1219 rebus
1027 1180 1202 1227 latitare,
1233 1180 1305 1218 sed
1331 1179 1429 1218 illud

430 1255 628 1292 apparere
657 1255 784 1291 unum,
813 1242 922 1281 cuius
953 1243 1032 1282 sint
1058 1241 1226 1291 plurima
1252 1240 1376 1278 mixta

434 1308 474 1341 et
500 1304 628 1354 magis
655 1304 695 1341 in
723 1307 911 1354 promptu
938 1304 1145 1353 primaque
1174 1302 1215 1339 in
1243 1301 1376 1339 fronte
1404 1300 1549 1339 locata.

284 1363 402 1401 Hanc
430 1377 574 1403 revera
600 1364 869 1414 Anaxagorae
900 1375 990 1402 esse
1020 1362 1281 1410 sententiam,
1310 1361 1410 1399 satis
1439 1374 1574 1410 super-

183 1435 257 1471 que
287 1425 335 1461 ab
363 1426 587 1464 Aristotele
618 1424 889 1473 confirmatum
919 1425 992 1464 sed
1019 1423 1096 1462 hoc
1122 1422 1213 1461 loeo
1244 1422 1342 1461 satis
1371 1422 1458 1470 erit,
1488 1425 1572 1460 tan-

180 1488 260 1522 tum
290 1497 417 1535 pauca
452 1487 647 1536 quaedam
673 1486 911 1533 documenta
939 1485 1101 1532 afferre,
1139 1496 1241 1533 quae
1269 1483 1309 1521 in
1337 1483 1572 1533 fragmentis

182 1559 204 1583 a
233 1545 509 1587 Sohaubachio
539 1548 724 1587 collectis
751 1547 1018 1586 inveniuntur.
1071 1544 1147 1583 Est
1174 1544 1277 1585 enim
1304 1544 1344 1583 in
1372 1548 1512 1596 lragm.
1529 1546 1569 1587 3:

180 1607 337 1645 τουτέων
364 1609 405 1646 δὲ
430 1609 546 1650 οὕτως
573 1608 734 1659 ἑχόντων
761 1609 833 1659 χρή
853 1607 987 1645 δοκέειν
1015 1605 1139 1643 ἐνεῖναι
1156 1606 1277 1642 πολλά
1294 1619 1333 1642 τε
1351 1606 1408 1643 καὶ
1425 1609 1573 1645 παντοῖα

180 1668 216 1706 ἐν
258 1671 341 1707 πᾶσι
374 1671 446 1711 τοῖς
479 1668 761 1720 συγκρινομένοις
793 1668 850 1706 καὶ
882 1667 1068 1718 σπέρματα
1103 1667 1246 1705 πάντων
1280 1668 1479 1718 χρημάτων
1516 1669 1573 1707 καὶ

179 1729 237 1765 καὶ
272 1729 368 1770 ἰδέας
403 1731 569 1771 παντοίας
607 1728 739 1779 ἔχοντα
769 1728 827 1765 καὶ
852 1728 981 1779 χροιὰς
1015 1728 1073 1765 καὶ
1106 1725 1323 1778 ἡδονάς;47)
1360 1730 1401 1767 in
1428 1730 1571 1780 fragm.

176 1790 201 1828 5
221 1794 261 1829 et
280 1791 321 1831 7³
350 1790 386 1829 ἐν
414 1790 517 1829 παντὶ
543 1792 672 1831 παντὸς
700 1792 807 1841 μοῖρα
835 1788 961 1838 ἔνεστι,
989 1790 1030 1828 in
1053 1789 1193 1839 fragm.
1217 1790 1290 1829 15:
1323 1788 1359 1828 ἐν
1387 1789 1489 1828 παντὶ
1516 1791 1576 1829 δεῖ

179 1850 333 1900 νομίζειν
358 1851 527 1902 ὑπάρχειν
560 1852 676 1889 πάντα
702 1852 889 1902 χρήματα,
925 1851 966 1888 in
994 1851 1134 1900 fragm.
1153 1851 1220 1890 12:
1257 1850 1294 1888 ἐν
1328 1852 1431 1888 παντὶ
1456 1853 1573 1890 πάντα

180 1911 265 1949 οὐδὲ
289 1911 400 1963 χωρὶς
427 1910 521 1950 ἔστιν
550 1911 646 1952 εἶναι.
674 1911 771 1951 ἀλλὰ
797 1912 912 1950 πάντα
938 1911 1068 1952 παντὸς
1094 1913 1219 1962 μοῖραν
1248 1910 1464 1965 μετέχει.48)
1497 1911 1570 1952 Pu-

179 1977 240 2011 tat
277 1974 396 2023 igitur
429 1975 717 2023 Anaxagoras,
760 1974 841 2012 alia
880 1986 931 2012 ex
971 1973 1061 2012 aliis
1097 1986 1179 2012 non
1212 1986 1335 2023 posse
1369 1975 1571 2024 proficisci

180 2034 255 2073 nisi
272 2034 359 2085 jam
390 2035 483 2073 inde
517 2036 567 2073 ab
605 2034 718 2074 initio
755 2035 935 2086 infuerit,
969 2046 1099 2085 neque
1138 2034 1218 2073 alia
1244 2035 1285 2073 in
1312 2035 1392 2074 alia
1418 2036 1485 2075 vel
1512 2036 1569 2074 di-

178 2096 409 2135 versissima
435 2096 607 2135 transire
635 2108 777 2145 posse,
810 2096 888 2135 nisi
918 2096 1050 2134 omnia
1075 2097 1117 2134 in
1145 2096 1395 2147 omnibusfffl)
1445 2097 1568 2135 Immo

177 2167 273 2194 vero
310 2156 465 2196 etiamsi
491 2156 532 2193 in
561 2156 696 2206 aliqua
722 2168 765 2195 re
796 2156 884 2195 sola
914 2157 1014 2194 haec
1043 2156 1108 2195 vel
1132 2156 1204 2195 illa
1233 2158 1405 2206 qualitas
1434 2158 1568 2197 inesse

242 2287 301 2341 ⁴⁸)
326 2288 371 2319 cf.
395 2287 437 2319 de
462 2287 560 2319 coelo
583 2287 648 2325 IV,
669 2287 699 2325 2,
715 2287 792 2320 309:
835 2277 919 2315 ἔνιοι
951 2278 1015 2327 μὲν
1049 2291 1119 2315 των
1153 2281 1202 2341 μὴ
1239 2278 1446 2327 φασκόντων
1483 2277 1568 2316 εἶναι

176 2327 277 2365 κενὸν
305 2328 409 2366 οὐδὲν
433 2328 596 2379 διώρισαν
630 2328 710 2378 περὶ
738 2328 873 2378 κούφου
902 2328 960 2365 καὶ
987 2327 1116 2379 βαρέος
1144 2328 1216 2366 οἷον
1240 2328 1483 2380 Ἀναξαγόρας
1512 2334 1570 2367 καὶ

170 2376 432 2430 Εμπεδοκλῆς.
453 2401 502 2406 -
527 2399 555 2420 v.
579 2387 693 2419 Zeller
715 2398 747 2430 p.
759 2387 820 2420 515
841 2398 918 2420 ann.
931 2388 960 2427 2,
985 2398 1017 2430 p.
1032 2387 1094 2421 678
1107 2398 1183 2430 sqq.

258 2450 299 2487 ⁴⁷)
322 2449 373 2480 De
397 2450 461 2480 hoc
488 2449 604 2490 fragm.
628 2458 657 2479 v
682 2447 796 2480 Zeller
817 2459 850 2491 p.
865 2448 938 2487 674,
961 2459 1038 2481 ann.
1053 2449 1083 2481 2.

259 2511 299 2551 ⁴⁸)
325 2511 368 2543 cf.
393 2511 495 2542 etiam
518 2510 637 2550 fragm.
658 2508 689 2547 8,
715 2510 761 2548 11,
787 2510 813 2542 1.

258 2563 299 2601 ⁴⁹)
324 2573 352 2593 v.
369 2561 584 2593 Aristoteles
608 2561 704 2613 phys.
727 2560 793 2598 111,
809 2561 838 2598 4,
855 2561 933 2592 203:
966 2552 985 2588 ὃ
1005 2552 1086 2602 μὲν
1097 2550 1253 2600 (ἈναΕ.)
1282 2554 1399 2590 ὁτιουν
1419 2556 1489 2590 τῶν
1505 2568 1567 2603 μο-

176 2601 257 2650 ρίων
294 2601 379 2640 εἶναι
413 2603 523 2651 μίγμα
556 2601 690 2666 ὁμοίως
720 2605 774 2666 τῷ
807 2602 908 2640 παντὶ
939 2601 997 2639 διὰ
1030 2603 1072 2639 τὸ
1108 2603 1194 2654 ὁρᾷν
1219 2604 1333 2641 ὁτιοῦν
1361 2604 1434 2646 ἐξ
1420 2618 1567 2641 οτουουν

174 2652 395 2744 (ἔγνόμενοψ
410 2652 606 2745 λὲνι-ευθεν
647 2652 742 2703 [ἀρ
729 2652 848 2695 ἔοικε
886 2653 941 2692 καὶ
980 2654 1070 2705 ὁμοῦ
1109 2655 1226 2693 πάντα
1247 2656 1426 2708 [χρήματα
1460 2655 1568 2706 φάναι

175 2715 257 2741 Ενα
286 2719 306 2744 κ
347 2719 366 2743 τ
