1804 2936
854 192 903 231 27

192 315 324 354 omnia
339 314 519 363 fingeret,
540 312 743 362 statuisse,
765 314 1014 363 apertissime
1032 313 1231 363 negat25).
1267 314 1408 362 Neque
1429 312 1575 362 duplex

187 376 286 416 illud
314 386 443 414 rerum
470 372 705 424 principium
740 374 816 421 (sc,
845 387 949 425 aqua
985 379 1024 413 et
1051 375 1176 423 mens)
1209 375 1471 425 hylozoismo,
1509 373 1574 422 qui

186 449 290 477 nunc
317 438 496 484 vocatur,
537 435 811 485 antiquissimo
839 435 919 475 ulla
953 436 1110 475 ratione
1145 437 1276 487 possit
1311 433 1573 486 conjungiw).

178 501 276 539 dam
300 509 399 537 vero
429 487 664 535 aid-tertiam
694 509 717 535 a
744 497 928 536 Lucretio
962 501 1304 536 commemoratam
1333 497 1572 537 seutentiam

187 564 450 598 transeamus.

286 619 443 659 Omisso
460 619 562 658 enim
578 618 873 657 Anaximandro
888 618 1060 668 Milesio,
1080 618 1200 657 tertio
1215 618 1284 656 illo
1301 630 1323 657 e
1339 619 1365 657 J
1368 619 1572 657 onicorum

184 692 347 719 numero
374 679 627 729 philosopho,
658 679 722 728 qui
753 680 922 718 omnium
950 692 1079 717 rerum
1107 680 1340 728 principium
1367 680 1571 717 materiam

185 753 277 781 esse
292 740 445 791 putavit
458 740 652 790 qualitate
671 739 917 779 indefinitam
936 743 977 778 et
993 739 1111 789 copia
1125 740 1316 778 infinitam
1329 740 1353 779 i.
1366 752 1399 778 e.
1416 739 1456 777 τὸ
1476 738 1571 777 ἄπει-

185 815 244 853 ρον
252 800 309 851 27)
324 801 576 852 (infinitatem
590 804 756 840 naturae
770 795 852 840 Cic.
869 801 982 840 acad.
998 813 1061 850 qu.
1077 800 1148 850 IV,
1159 801 1219 850 37,
1234 801 1333 850 118),
1363 801 1572 841 Lueretius

185 863 224 901 in
245 875 316 902 eos
336 863 545 912 invehitur,
580 862 645 912 qui
674 874 696 901 e
724 866 834 901 terra
862 862 993 902 omnia
1021 864 1162 900 exorta
1192 873 1281 901 esse
1308 862 1406 902 etin
1426 865 1573 900 terram

183 937 320 963 rursus
341 924 481 967 mutari
502 924 841 963 existimaverunt.
894 924 940 962 In
970 936 1046 974 qua
1073 935 1117 961 re
1137 924 1186 962 de
1206 922 1438 973 Pherecyde
1458 923 1572 973 Syrio

184 987 346 1034 poetam
374 984 580 1034 cogitasse
609 985 725 1024 nobis
745 984 903 1035 quidem
925 984 1022 1023 satis
1043 984 1294 1035 perspicuum
1314 988 1388 1023 est.
1407 1005 1455 1010 —
1473 983 1573 1022 Nam

186 1045 289 1084 hunc
317 1045 482 1095 primum
510 1045 697 1085 docuisse
726 1047 816 1095 ,,γῆν
844 1043 907 1094 τὴν
936 1045 1079 1084 πάντων
1100 1044 1185 1083 εἶναι
1203 1045 1344 1097 ἀρχήν“
1372 1046 1489 1084 testis
1512 1049 1575 1085 est

183 1105 330 1145 Sextus
358 1106 595 1156 Empiricus.
629 1105 842 1156 (Pyrrhon.
870 1107 962 1157 hyp.
979 1108 1014 1155 3,
1029 1107 1066 1146 4.
1094 1119 1132 1157 p.
1149 1107 1229 1155 30).
1277 1108 1468 1157 Idemque
1492 1106 1572 1145 alio

184 1167 276 1207 loco
317 1167 515 1217 (mathem.
552 1167 588 1218 9,
607 1167 642 1218 5,
657 1181 696 1219 p.
711 1168 805 1218 360)
833 1163 1095 1209 disertissime
1123 1167 1318 1208 hactenus
1354 1168 1451 1208 dicit
1486 1181 1573 1207 eum

184 1240 209 1266 a
237 1228 404 1266 Thalete
432 1229 666 1278 recessisse,
702 1233 745 1268 ut
783 1230 871 1279 ipse
901 1230 1058 1279 quidem
1092 1233 1252 1276 terram,
1289 1230 1439 1268 Thales
1474 1242 1571 1267 vero

185 1302 327 1340 aquam
354 1292 517 1340 putaret
542 1302 671 1329 rerum
706 1291 877 1330 omnium
913 1303 1003 1330 esse
1033 1289 1279 1341 principium.
1334 1289 1451 1329 Haec
1487 1303 1574 1329 cum

186 1351 243 1389 ita
272 1351 351 1389 sint
378 1351 494 1389 etiam
524 1351 573 1391 de
602 1352 710 1391 dicto
738 1354 929 1402 quodam:
957 1352 997 1389 ἐκ
1024 1354 1089 1402 γῆς
1114 1351 1182 1402 γὰρ
1201 1351 1326 1401 πάντα,
1348 1351 1405 1388 καὶ
1431 1351 1481 1392 εἰς
1507 1353 1572 1401 γῆν

184 1411 301 1449 πάντα
317 1412 471 1462 τελευτᾷ
491 1412 695 1461 (Mullach.
712 1425 750 1463 p.
767 1413 855 1463 102)
881 1413 985 1464 quod
1002 1413 1052 1452 ab
1070 1412 1211 1452 eodem
1229 1411 1354 1451 Sexto
1371 1416 1571 1452 servatum

187 1476 251 1511 est
278 1471 412 1522 (math.
436 1473 494 1521 10,
510 1486 549 1523 p.
564 1474 667 1522 313),
703 1474 854 1524 aliquid
888 1474 1010 1513 liceat
1042 1474 1158 1513 nobis
1187 1474 1394 1523 suspicari.
1447 1474 1571 1521 Quum

184 1533 285 1572 enim
321 1532 467 1572 Sextus
495 1534 609 1583 (Le.)
644 1534 771 1575 dicat:
812 1533 1044 1586 ,Ξενοφάνης
1078 1534 1119 1572 δὲ
1154 1531 1224 1572 κατ’
1263 1533 1399 1575 ἐνίουςι(
1432 1533 1471 1572 ἐκ
1506 1537 1571 1584 γῆς

184 1608 215 1634 κ.
230 1609 260 1634 τ.
277 1596 309 1633 λ.
336 1598 455 1645 atque
492 1595 567 1633 hac
603 1596 760 1635 ratione
795 1609 876 1635 non
911 1608 954 1636 se
990 1597 1120 1646 ipsum
1155 1599 1300 1635 testem
1335 1607 1426 1635 esse
1461 1595 1570 1644 velit,

186 1655 259 1693 sed
293 1656 396 1694 alios
433 1659 560 1694 testes
589 1656 798 1707 adhibeat,
835 1657 1001 1707 insuper
1034 1661 1166 1696 autem
1193 1657 1287 1695 illud
1314 1659 1572 1706 praeceptum

185 1727 271 1753 cum
303 1715 584 1766 Xenophanea
618 1717 804 1756 doctrina
836 1721 1012 1768 nequeat
1055 1717 1260 1756 conciliari
1296 1718 1402 1766 (vide
1437 1717 1573 1766 infra),

178 1777 265 1826 jam
292 1777 601 1827 Meinersius'28)
630 1783 670 1816 et
695 1777 987 1828 Heerenius29)
1021 1782 1281 1829 praeceptum
1313 1779 1412 1817 illud
1437 1777 1572 1816 Xeno-

185 1838 305 1888 phani
333 1838 589 1895 suppositum
611 1851 702 1879 esse
738 1839 933 1879 viderunt.
989 1840 1076 1888 Quo
1105 1840 1262 1879 facilius
1291 1840 1464 1879 fortasse
1491 1838 1575 1878 fieri

186 1904 333 1950 potest,
361 1904 404 1938 ut
430 1912 509 1938 non
540 1912 626 1939 cum
654 1900 777 1940 Sexto
803 1901 1005 1952 Empirico
1031 1902 1242 1941 dicendum
1271 1901 1340 1941 sit:
1367 1899 1575 1951 Ξενοφάνης

191 1960 264 1998 sed
294 1959 503 2011 Φερεκύδης
519 1991 528 2000 .
546 1990 555 1999 .
572 1990 580 2000 .
599 1961 660 2001 ,ἐκ
685 1965 751 2012 γῆς
778 1961 844 2013 γὰρ
872 1964 985 2001 πάντα
1003 1976 1035 2001 κ.
1056 1976 1084 2001 τ.
1104 1964 1151 2013 λ.,
1185 1962 1423 2013 praesertim
1458 1973 1574 2011 quum

186 2020 274 2070 ipse
292 2020 457 2071 Sextus,
490 2022 763 2072 Pherecydem
780 2023 857 2062 hoc
882 2027 1141 2074 praeceptum
1160 2023 1336 2071 dedisse,
1366 2021 1454 2060 aliis
1473 2021 1573 2060 locis

186 2081 286 2120 satis
315 2094 514 2132 superque
544 2083 759 2122 confirmet.
815 2083 896 2123 Sed
930 2085 1030 2123 haec
1058 2088 1199 2124 nostra
1234 2086 1298 2122 est
1330 2082 1573 2132 conjectura,

182 2141 223 2180 in
252 2155 331 2193 qua
357 2143 536 2194 pluribus
564 2144 697 2183 verbis
715 2158 819 2184 nune
837 2158 919 2185 non
940 2146 1279 2185 commorabimur.
1308 2166 1357 2171 -
1385 2143 1572 2183 Ceterum

185 2205 290 2252 quod
327 2204 584 2254 Pherecydes
618 2209 781 2255 praeter
816 2205 1034 2256 „Terram“
1061 2204 1218 2254 (Χθόνα)
1255 2206 1373 2244 etiam
1402 2202 1501 2254 Ζῆνα
1533 2207 1575 2242 et

186 2260 324 2314 Χρόνον
349 2278 480 2304 rerum
507 2266 621 2305 initio
651 2266 775 2307 fuisse
805 2265 1019 2318 docuit30),
1052 2266 1128 2306 hoc
1155 2266 1246 2306 loco
1273 2266 1369 2305 nihil
1397 2266 1449 2305 ad
1476 2278 1570 2304 rem.

289 2326 555 2377 Sequentibus
584 2332 713 2367 autem
740 2329 942 2369 versibus:

268 2458 308 2496 ²⁵)
332 2468 362 2490 v.
382 2457 505 2490 Zeller.
529 2469 561 2500 p.
586 2457 653 2490 151.

269 2510 311 2547 ²⁰)
334 2509 535 2550 Ueberweg.
561 2508 748 2541 Grundriss
772 2510 803 2540 d.
828 2510 955 2542 Gesch.
978 2510 1009 2541 d.
1033 2510 1120 2542 Phil.
1144 2511 1171 2547 Ι,
1188 2510 1237 2541 34.
1261 2509 1334 2540 init.

269 2560 309 2599 ²²)
331 2559 445 2592 Zeller
467 2571 499 2603 p.
515 2561 554 2593 77
564 2571 639 2603 sqq.
661 2579 701 2584 -
722 2561 870 2593 Brandis
896 2561 1023 2593 Gesch.
1047 2560 1077 2593 d.
1101 2559 1281 2592 Entwickl.
1306 2561 1373 2591 etc.
1403 2559 1428 2597 Ι,
1448 2558 1483 2591 51
1503 2558 1535 2591 ff.

270 2611 310 2651 2ξ’)
332 2611 426 2643 Hist.
442 2611 627 2644 ‘doctrinae
652 2612 693 2643 de
710 2621 789 2645 vero
813 2612 878 2644 deo
902 2622 934 2653 p.
949 2611 1020 2643 327.

270 2664 316 2703 2“)
339 2663 381 2694 ad
406 2663 549 2695 Stobaei
574 2663 684 2704 eclog.
707 2663 804 2705 phys.
828 2663 855 2701 1,
878 2662 990 2704 p.294.

267 2715 307 2758 ³⁰)
332 2714 446 2747 Zeller
467 2726 500 2759 p.
517 2715 565 2748 65.
