1804 2936
894 151 942 192 15

227 275 368 317 Senee.
389 289 451 328 ep.
466 276 547 324 36.)
584 272 719 324 Negat
735 286 832 312 vcro
851 274 933 323 ille,
959 274 1170 324 quidquam
1192 274 1410 314 ministerio
1432 273 1614 325 imperio-

228 351 303 388 que
322 339 486 377 deorum
513 337 610 385 fieri,
640 336 824 386 quoniam
850 339 1018 385 „natura
1043 337 1209 384 videtur,

408 398 538 437 libera
564 396 754 435 continuo
782 395 951 435 dominis
981 396 1138 446 privata
1166 397 1347 446 superbis

407 460 499 510 ipsa
529 470 601 497 sua
627 469 702 508 per
729 469 773 496 se
803 461 947 507 sponte
970 459 1102 497 omnia
1129 458 1190 497 dis
1220 470 1343 508 agere
1373 460 1544 509 expers“

226 524 296 573 (Π,
320 520 449 570 1090.)
509 519 631 557 Immo
672 519 967 568 providentiam
998 518 1106 556 tollit
1137 518 1414 568 philosophus,
1458 523 1614 558 tantum

225 585 418 635 pietatem
456 580 657 631 relinquit.
699 579 781 630 (τὴν
821 578 985 630 πρόνοιαν
1025 578 1173 629 ἀναιρεῖ,
1215 578 1395 632 εὐσέβειαν
1432 579 1617 619 ἀπολείπει

225 646 331 684 Plut.
351 644 438 683 001.
458 644 513 693 8.)
567 643 685 691 Nam,
722 641 794 686 ait,
830 641 885 679 dii
920 631 1012 679 sfint
1047 647 1089 678 et
1124 644 1236 678 certa
1272 645 1335 679 est
1366 641 1523 680 morum
1550 655 1614 682 00-

227 706 368 757 gnitio.
392 703 488 753 (θεοὶ
513 705 582 754 γάρ
610 702 713 740 εἰσιν·
741 701 891 752 ἐναργὴς
917 698 943 738 δ’
975 700 1065 739 ἐστὶν
1091 701 1208 739 αὐτῶν
1235 702 1257 752 ἠ
1287 704 1410 751 γνῶσις
1436 702 1483 742 D.
1498 705 1542 743 L.
1564 704 1615 755 X,

227 767 338 816 123),
374 769 416 804 et
455 764 613 803 ratione
654 763 926 813 percipiuntur
966 762 1083 812 (λόγῳ
1119 762 1314 812 θεωρητοί,
1356 775 1434 801 non
1486 769 1616 804 autem

228 827 367 879 quales
399 826 582 877 plerique
611 824 870 871 arbitrantur,
907 836 1071 873 quorum
1107 835 1208 874 quae
1245 823 1295 862 dc
1331 824 1405 862 diis
1444 827 1619 864 sentiunt

226 902 308 927 non
353 888 538 927 sensibus
584 889 751 934 accepta
801 879 845 923 i.'
874 896 907 922 e.
948 897 1029 922 non
1074 888 1166 922 sunt
1215 883 1616 934 anticipationes

228 948 458 1000 (προλήψεις)
522 945 594 983 sed
644 944 993 994 „opinationes
1048 944 1210 982 falsae
1270 943 1485 996 (ὑπολήψεις
1534 949 1616 997 ψευ-

227 1010 300 1050 δεῖς
343 1008 394 1052 Χ,
425 1008 524 1054 123).
575 1025 623 1032 —-
669 1006 821 1044 Censet
862 1005 976 1054 enim,
1020 1017 1156 1043 omnes
1197 1005 1377 1044 homines
1408 1006 1493 1044 sine
1523 1007 1615 1046 doc—

227 1070 352 1120 trina,
399 1066 727 1117 anticipationem
762 1066 956 1116 quandam
1005 1066 1168 1104 deorum
1204 1066 1372 1116 habere,
1414 1066 1617 1120 (πρόληψιν,

228 1143 329 1181 quae
366 1133 430 1169 est
464 1132 679 1178 antecepta
707 1128 838 1166 animo
866 1129 926 1166 rei
954 1128 1150 1177 quaedam
1179 1127 1421 1167 informatio.
1458 1129 1539 1169 Cic.
1568 1131 1618 1169 de

226 1195 309 1231 nat.
338 1192 448 1230 deor.
477 1190 508 1240 1,
525 1190 584 1239 16,
599 1190 679 1237 43).
743 1189 864 1227 Immo
899 1201 996 1227 vero
1033 1189 1152 1227 etiam
1185 1188 1546 1239 ἀνθρωποειδεῖς
1579 1196 1620 1230 et

228 1253 538 1303 λεπτομερεῖς
565 1252 664 1290 deos
692 1250 818 1300 fingit.
872 1250 1109 1289 Plutarchus
1139 1251 1295 1300 quidem
1325 1252 1390 1299 (de
1409 1252 1513 1302 plac.
1533 1253 1563 1302 I,
1580 1253 1620 1303 7)

226 1313 439 1363 Epicurum
459 1312 664 1350 confirmat
683 1311 832 1350 dixisse
853 1310 1151 1360 ,,ἀνθρωποειδεῖς
1170 1311 1233 1360 μὲν
1252 1311 1385 1353 πάντας
1402 1313 1485 1354 τοὺς
1500 1312 1619 1363 θεοὺς,

228 1372 327 1424 λόγῳ
360 1372 401 1411 δὲ
434 1373 567 1413 πάντας
593 1371 739 1412 τούτους
765 1371 974 1423 θεωρητοὺς
1002 1370 1060 1408 διὰ
1086 1372 1149 1421 τὴν
1177 1371 1430 1423 λεπτομέρειαν
1457 1376 1522 1424 τῆς
1548 1378 1619 1413 τῶν

227 1434 390 1472 εἰδώλων
418 1433 471 1483 (v.
487 1433 611 1482 infra)
637 1432 799 1484 φύσεως;
829 1431 975 1471 Sextus
999 1432 1087 1471 adv.
1109 1432 1221 1482 phys.
1236 1432 1332 1482 (IX)
1357 1435 1393 1481 ξ,
1409 1435 1477 1473 25:
1500 1432 1618 1473 Ἐπικ.

227 1493 268 1532 ἐκ
296 1496 369 1532 τῶν
400 1492 514 1531 κατὰ
547 1492 650 1534 τοὺς
683 1493 847 1533 ὕπνους
879 1495 1137 1543 φαντασιῶν
1162 1491 1270 1531 οἴεται
1295 1493 1379 1535 τοὺς
1405 1494 1619 1546 ἀνθρώπους

227 1553 363 1593 ἔννοιαν
400 1553 590 1593 ἐσπακέναι
614 1554 721 1592 θεοῦ·
758 1554 927 1604 μεγάλων
959 1553 1029 1604 γὰρ
1064 1553 1226 1592 εἰδώλών
1252 1569 1338 1606 φησι
1364 1556 1421 1594 καὶ
1447 1556 1617 1609 ἀνθρω-

226 1614 475 1668 πομόρφων
508 1614 599 1653 κατὰ
640 1613 724 1656 τοὺς
762 1613 894 1656 ὕπνους
927 1614 1215 1666 προς-πιπτόντων
1249 1616 1427 1668 ὑπέλαβον
1460 1618 1518 1656 καὶ
1543 1622 1620 1661 ταῖς

227 1675 411 1727 ἀληθείαις
428 1676 599 1727 ὑπάρχειν
618 1675 713 1717 τινὰς
735 1674 915 1716 τοιούτους
936 1674 1041 1716 θεοὺς
1061 1676 1416 1729 ἀνθρωπομόρφους;
1444 1680 1617 1731 denique

225 1738 315 1788 ipse
342 1738 539 1787 Epicurus
567 1749 630 1786 ap.
658 1737 792 1775 Laert.
818 1736 908 1774 139:
942 1735 1025 1776 τοὺς
1050 1736 1159 1778 θεοὺς
1185 1737 1284 1788 λόγῳ
1309 1738 1528 1790 θεωρητοὺς,
1557 1741 1619 1782 οὓς

226 1797 290 1848 μὲν
316 1794 389 1835 κατ’
419 1796 568 1848 ἀριθμὸν
596 1796 803 1848 ὑφεστῶτας
829 1794 891 1837 οὓς
918 1796 959 1834 δὲ
985 1795 1076 1834 κατὰ
1104 1797 1283 1848 ὑμοειδιάν
1311 1799 1358 1837 ἐκ
1383 1802 1461 1850 τῆς
1488 1815 1618 1840 συνε-

225 1860 335 1908 χοῦς
370 1857 646 1907 ἐπιρρύσεως
675 1858 758 1894 τῶν
794 1855 966 1905 ὑμίοίων
994 1857 1198 1895 εἰδώλων
1226 1859 1283 1896 ἐπὶ
1308 1860 1349 1896 τὸ
1376 1860 1464 1897 αὐτὸ
1492 1860 1618 1899 ἀποτε-

225 1915 451 1968 τελεσμένων
475 1915 767 1969 ἀνθρωποειδῶς.

327 1978 392 2016 Dii
430 1981 645 2027 praeterea
682 1982 774 2016 sunt
811 1978 997 2016 animalia
1032 1979 1269 2018 immortalia
1297 1994 1345 2019 ac
1375 1983 1495 2021 beata
1523 1986 1619 2030 (ζῶα

226 2037 396 2090 ἄφθαρτα
422 2037 480 2076 καὶ
507 2038 662 2089 μακάρια
688 2037 790 2077 D.L.
803 2039 893 2088 123)
902 2051 912 2088 ;
941 2039 1178 2078 beatitudini
1199 2044 1327 2079 autem
1348 2042 1506 2081 minime
1526 2055 1617 2082 con-

223 2101 389 2139 veniunt
412 2100 593 2150 negotia,
621 2100 720 2148 irae,
749 2100 899 2150 gratia,
927 2112 1045 2138 curae
1071 2100 1131 2146 (οὐ
1158 2100 1226 2152 γὰρ
1254 2105 1483 2153 συμφωνοῦσι
1508 2117 1616 2154 πραγ-

225 2162 364 2211 ματεῖαι
397 2160 455 2197 καὶ
491 2159 593 2210 ὀργαὶ
626 2159 684 2197 καὶ
710 2160 852 2212 χαρίτες
878 2161 926 2210 τῇ
944 2158 1173 2210 μακαριότητι
1189 2160 1241 2211 X,
1262 2162 1322 2211 77,
1343 2167 1384 2201 et
1403 2164 1482 2202 alio
1502 2165 1616 2205 loco:
1647 2208 1659 2218 ,

224 2220 265 2259 τὸ
307 2221 477 2272 μακάριον
516 2219 574 2258 καὶ
617 2220 801 2272 ἄφθαρτον
842 2219 926 2259 οὔτε
953 2220 1041 2259 αὐτὸ
1076 2222 1265 2274 πράγματα
1298 2221 1377 2275 ἔχει
1403 2223 1487 2263 οὔτε
1514 2225 1619 2277 ἄλλῳ

223 2281 387 2333 παρέχει,
416 2282 512 2318 ὥστε
536 2280 619 2319 οὔτε
644 2282 765 2332 χάρισι
792 2282 979 2333 συνέχεται
1008 2282 1112 2329 137.)
1165 2283 1318 2334 Itaque,
1347 2289 1390 2323 ut
1406 2286 1618 2325 Lucretius

222 2342 290 2393 ait,
350 2373 359 2383 .
389 2372 398 2381 .
426 2372 435 2381 .
462 2342 594 2381 divom
620 2345 762 2380 natura
787 2349 997 2384 necessest

349 2402 563 2442 immortali
593 2414 694 2441 aevo
723 2415 873 2442 summa
901 2417 987 2443 cum
1013 2417 1116 2455 pace
1143 2406 1296 2444 fruatur

351 2467 510 2504 semota
536 2464 586 2501 ab
614 2464 767 2503 nostris
794 2466 1200 2517 rebusseiunctaque
1224 2467 1363 2518 longe:

353 2537 445 2563 nam
471 2525 629 2575 privata
656 2524 798 2564 dolore
826 2527 943 2576 omni,
972 2528 1129 2577 privata
1155 2528 1331 2578 periclis,

353 2585 445 2636 ipsa
473 2585 739 2635 suisxpollens
768 2586 923 2637 opibus,
951 2588 1006 2625 nil
1031 2588 1168 2639 indiga
1194 2589 1334 2640 nostri,

351 2657 429 2685 nec
456 2646 560 2687 bene
586 2648 814 2699 promeritis
839 2649 996 2699 capitur
1021 2661 1150 2700 neque
1178 2651 1353 2701 tangitur
1378 2652 1450 2691 ira.
