<?xml version="1.0" encoding="UTF-8"?>
<!DOCTYPE html PUBLIC "-//W3C//DTD XHTML 1.0 Transitional//EN"
    "http://www.w3.org/TR/xhtml1/DTD/xhtml1-transitional.dtd">
<html xmlns="http://www.w3.org/1999/xhtml" xml:lang="en" lang="en">
 <head>
  <title>
</title>
<meta http-equiv="Content-Type" content="text/html;charset=utf-8" />
  <meta name='ocr-system' content='tesseract 3.04.00' />
  <meta name='ocr-capabilities' content='ocr_page ocr_carea ocr_par ocr_line ocrx_word'/>
</head>
<body>
  <div class='ocr_page' id='page_1' title='image "4737248_0042.png"; bbox 0 0 1804 2936; ppageno 0'>
   <div class='ocr_carea' id='block_1_1' title="bbox 873 175 925 214">
    <p class='ocr_par' dir='ltr' id='par_1_1' title="bbox 873 175 925 214">
     <span class='ocr_line' id='line_1_1' title="bbox 873 175 925 214; baseline 0 0"><span class='ocrx_word' id='word_1_1' title='bbox 873 175 925 214; x_wconf 89' lang='grc'>30</span> 
     </span>
    </p>
   </div>
   <div class='ocr_carea' id='block_1_2' title="bbox 191 295 1595 2429">
    <p class='ocr_par' dir='ltr' id='par_1_2' title="bbox 200 295 1595 533">
     <span class='ocr_line' id='line_1_2' title="bbox 203 295 1593 350; baseline 0.004 -17"><span class='ocrx_word' id='word_1_2' title='bbox 203 295 343 334; x_wconf 83' lang='lat' dir='ltr'>stituta</span> <span class='ocrx_word' id='word_1_3' title='bbox 371 308 462 336; x_wconf 89' lang='lat' dir='ltr'>esse</span> <span class='ocrx_word' id='word_1_4' title='bbox 491 296 686 337; x_wconf 78' lang='lat' dir='ltr'>dicerent.</span> <span class='ocrx_word' id='word_1_5' title='bbox 746 298 933 338; x_wconf 87' lang='lat' dir='ltr'>Hermias</span> <span class='ocrx_word' id='word_1_6' title='bbox 963 299 1120 350; x_wconf 88' lang='lat' dir='ltr'>quidem</span> <span class='ocrx_word' id='word_1_7' title='bbox 1149 298 1253 338; x_wconf 86' lang='lat' dir='ltr'>irris.</span> <span class='ocrx_word' id='word_1_8' title='bbox 1281 298 1486 349; x_wconf 83' lang='lat' dir='ltr'><strong>gentilium</strong></span> <span class='ocrx_word' id='word_1_9' title='bbox 1511 299 1593 349; x_wconf 86' lang='lat' dir='ltr'>phi-</span> 
     </span>
     <span class='ocr_line' id='line_1_3' title="bbox 201 355 1595 411; baseline 0.003 -16"><span class='ocrx_word' id='word_1_10' title='bbox 201 355 359 406; x_wconf 87' lang='lat' dir='ltr'>losoph.</span> <span class='ocrx_word' id='word_1_11' title='bbox 389 369 423 396; x_wconf 87' lang='lat' dir='ltr'>c.</span> <span class='ocrx_word' id='word_1_12' title='bbox 442 356 498 398; x_wconf 76' lang='lat'>5,:</span> <span class='ocrx_word' id='word_1_13' title='bbox 528 355 745 409; x_wconf 80' lang='grc' dir='ltr'>Ἀρχέλαος,</span> <span class='ocrx_word' id='word_1_14' title='bbox 773 359 920 409; x_wconf 87' lang='lat' dir='ltr'>inquit,</span> <span class='ocrx_word' id='word_1_15' title='bbox 949 358 1232 411; x_wconf 81' lang='grc' dir='ltr'>ἀποφαινόμενος</span> <span class='ocrx_word' id='word_1_16' title='bbox 1258 361 1328 397; x_wconf 84' lang='grc' dir='ltr'>τῶν</span> <span class='ocrx_word' id='word_1_17' title='bbox 1358 358 1453 398; x_wconf 81' lang='grc' dir='ltr'>ὅλων</span> <span class='ocrx_word' id='word_1_18' title='bbox 1480 357 1595 411; x_wconf 78' lang='grc' dir='ltr'>ἀρχὰς</span> 
     </span>
     <span class='ocr_line' id='line_1_4' title="bbox 200 415 1592 471; baseline 0.005 -18"><span class='ocrx_word' id='word_1_19' title='bbox 200 415 336 467; x_wconf 77' lang='grc' dir='ltr'>θερμὸν</span> <span class='ocrx_word' id='word_1_20' title='bbox 355 417 412 455; x_wconf 80' lang='grc' dir='ltr'>καὶ</span> <span class='ocrx_word' id='word_1_21' title='bbox 430 417 578 470; x_wconf 81' lang='grc' dir='ltr'>ψυχρόν.</span> <span class='ocrx_word' id='word_1_22' title='bbox 594 419 862 470; x_wconf 82' lang='lat' dir='ltr'>—Diogenes</span> <span class='ocrx_word' id='word_1_23' title='bbox 877 420 1061 460; x_wconf 81' lang='lat' dir='ltr'>Laertius</span> <span class='ocrx_word' id='word_1_24' title='bbox 1073 420 1125 469; x_wconf 88' lang='lat'>11,</span> <span class='ocrx_word' id='word_1_25' title='bbox 1143 420 1211 459; x_wconf 88' lang='lat'>16:</span> <span class='ocrx_word' id='word_1_26' title='bbox 1233 417 1341 471; x_wconf 89' lang='grc' dir='ltr'>Ἀρχ.</span> <span class='ocrx_word' id='word_1_27' title='bbox 1359 449 1368 459; x_wconf 94' lang='grc'><strong>.</strong></span> <span class='ocrx_word' id='word_1_28' title='bbox 1385 449 1393 459; x_wconf 97' lang='grc'><strong><em>.</em></strong></span> <span class='ocrx_word' id='word_1_29' title='bbox 1410 451 1418 460; x_wconf 93' lang='grc'><strong>.</strong></span> <span class='ocrx_word' id='word_1_30' title='bbox 1438 418 1542 469; x_wconf 78' lang='grc' dir='ltr'>ἔλεγε</span> <span class='ocrx_word' id='word_1_31' title='bbox 1556 447 1565 457; x_wconf 93' lang='grc'><strong>.</strong></span> <span class='ocrx_word' id='word_1_32' title='bbox 1583 450 1592 460; x_wconf 86' lang='grc'><strong>.</strong></span> 
     </span>
     <span class='ocr_line' id='line_1_5' title="bbox 200 476 1193 533; baseline 0.006 -19"><span class='ocrx_word' id='word_1_33' title='bbox 200 477 265 515; x_wconf 80' lang='grc' dir='ltr'>δύο</span> <span class='ocrx_word' id='word_1_34' title='bbox 293 477 405 519; x_wconf 81' lang='grc' dir='ltr'>αἰτίας</span> <span class='ocrx_word' id='word_1_35' title='bbox 432 476 516 517; x_wconf 79' lang='grc' dir='ltr'>εἶναι</span> <span class='ocrx_word' id='word_1_36' title='bbox 542 479 729 530; x_wconf 79' lang='grc' dir='ltr'>γενέσεως,</span> <span class='ocrx_word' id='word_1_37' title='bbox 757 480 892 531; x_wconf 78' lang='grc' dir='ltr'>θερμὸν</span> <span class='ocrx_word' id='word_1_38' title='bbox 920 481 976 519; x_wconf 78' lang='grc' dir='ltr'>καὶ</span> <span class='ocrx_word' id='word_1_39' title='bbox 1001 480 1115 533; x_wconf 74' lang='grc' dir='ltr'>ὑγρόν.</span> <span class='ocrx_word' id='word_1_40' title='bbox 1142 503 1193 509; x_wconf 89' lang='grc'><strong>-</strong></span> 
     </span>
    </p>

    <p class='ocr_par' dir='ltr' id='par_1_3' title="bbox 199 534 1593 714">
     <span class='ocr_line' id='line_1_6' title="bbox 302 534 1593 592; baseline 0.002 -14"><span class='ocrx_word' id='word_1_41' title='bbox 302 540 393 578; x_wconf 85' lang='lat' dir='ltr'>Jam</span> <span class='ocrx_word' id='word_1_42' title='bbox 420 553 519 580; x_wconf 84' lang='lat' dir='ltr'>vero</span> <span class='ocrx_word' id='word_1_43' title='bbox 548 534 599 580; x_wconf 79' lang='lat' dir='ltr'>ad</span> <span class='ocrx_word' id='word_1_44' title='bbox 626 539 914 592; x_wconf 81' lang='lat' dir='ltr'>Empedoclem</span> <span class='ocrx_word' id='word_1_45' title='bbox 939 547 1201 592; x_wconf 82' lang='lat' dir='ltr'>transeamus,</span> <span class='ocrx_word' id='word_1_46' title='bbox 1231 553 1345 592; x_wconf 87' lang='lat' dir='ltr'>quem</span> <span class='ocrx_word' id='word_1_47' title='bbox 1370 541 1593 590; x_wconf 78' lang='lat' dir='ltr'>Lucretius,</span> 
     </span>
     <span class='ocr_line' id='line_1_7' title="bbox 201 601 1593 654; baseline 0.001 -15"><span class='ocrx_word' id='word_1_48' title='bbox 201 612 439 652; x_wconf 82' lang='lat' dir='ltr'>quamquam</span> <span class='ocrx_word' id='word_1_49' title='bbox 459 602 616 642; x_wconf 84' lang='lat' dir='ltr'>summis</span> <span class='ocrx_word' id='word_1_50' title='bbox 635 602 821 642; x_wconf 84' lang='lat' dir='ltr'>laudibus</span> <span class='ocrx_word' id='word_1_51' title='bbox 841 602 956 641; x_wconf 88' lang='lat' dir='ltr'>effert</span> <span class='ocrx_word' id='word_1_52' title='bbox 974 607 1133 654; x_wconf 83' lang='lat' dir='ltr'>poetam</span> <span class='ocrx_word' id='word_1_53' title='bbox 1159 601 1298 653; x_wconf 80' lang='lat'><strong>(1,726</strong></span> <span class='ocrx_word' id='word_1_54' title='bbox 1312 602 1431 652; x_wconf 77' lang='lat' dir='ltr'>sqq),</span> <span class='ocrx_word' id='word_1_55' title='bbox 1459 605 1593 641; x_wconf 89' lang='lat' dir='ltr'>tamen</span> 
     </span>
     <span class='ocr_line' id='line_1_8' title="bbox 199 661 1346 714; baseline 0.002 -13"><span class='ocrx_word' id='word_1_56' title='bbox 199 661 482 714; x_wconf 90' lang='lat' dir='ltr'>philosophum</span> <span class='ocrx_word' id='word_1_57' title='bbox 509 664 666 709; x_wconf 74' lang='lat' dir='ltr'>malum,</span> <span class='ocrx_word' id='word_1_58' title='bbox 681 664 804 704; x_wconf 84' lang='lat' dir='ltr'>fuisse</span> <span class='ocrx_word' id='word_1_59' title='bbox 832 664 1049 704; x_wconf 79' lang='lat' dir='ltr'><strong>contendit.</strong></span> <span class='ocrx_word' id='word_1_60' title='bbox 1103 665 1202 704; x_wconf 82' lang='lat' dir='ltr'>Nam</span> <span class='ocrx_word' id='word_1_61' title='bbox 1232 663 1346 703; x_wconf 83' lang='lat' dir='ltr'>dicit:</span> 
     </span>
    </p>

    <p class='ocr_par' dir='ltr' id='par_1_4' title="bbox 323 725 1559 839">
     <span class='ocr_line' id='line_1_9' title="bbox 323 725 1338 775; baseline 0 -12"><span class='ocrx_word' id='word_1_62' title='bbox 323 725 556 775; x_wconf 80' lang='lat' dir='ltr'>„principiis</span> <span class='ocrx_word' id='word_1_63' title='bbox 584 725 622 763; x_wconf 92' lang='lat' dir='ltr'>in</span> <span class='ocrx_word' id='word_1_64' title='bbox 652 730 782 764; x_wconf 86' lang='lat' dir='ltr'>tamen</span> <span class='ocrx_word' id='word_1_65' title='bbox 810 725 850 763; x_wconf 89' lang='lat' dir='ltr'>in</span> <span class='ocrx_word' id='word_1_66' title='bbox 877 737 1008 774; x_wconf 83' lang='lat' dir='ltr'>rerum</span> <span class='ocrx_word' id='word_1_67' title='bbox 1039 725 1175 764; x_wconf 82' lang='lat' dir='ltr'>fecere</span> <span class='ocrx_word' id='word_1_68' title='bbox 1202 725 1338 763; x_wconf 87' lang='lat' dir='ltr'>ruinas</span> 
     </span>
     <span class='ocr_line' id='line_1_10' title="bbox 326 784 1559 839; baseline -0.001 -14"><span class='ocrx_word' id='word_1_69' title='bbox 326 789 367 825; x_wconf 90' lang='lat' dir='ltr'>et</span> <span class='ocrx_word' id='word_1_70' title='bbox 386 786 567 837; x_wconf 88' lang='lat' dir='ltr'>graviter</span> <span class='ocrx_word' id='word_1_71' title='bbox 585 787 720 839; x_wconf 88' lang='lat' dir='ltr'>magni</span> <span class='ocrx_word' id='word_1_72' title='bbox 741 799 884 839; x_wconf 86' lang='lat' dir='ltr'>magno</span> <span class='ocrx_word' id='word_1_73' title='bbox 905 787 1089 827; x_wconf 87' lang='lat' dir='ltr'>cecidere</span> <span class='ocrx_word' id='word_1_74' title='bbox 1110 787 1166 826; x_wconf 91' lang='lat' dir='ltr'>ibi</span> <span class='ocrx_word' id='word_1_75' title='bbox 1185 786 1305 826; x_wconf 84' lang='lat' dir='ltr'>casu“</span> <span class='ocrx_word' id='word_1_76' title='bbox 1325 785 1373 835; x_wconf 87' lang='grc' dir='ltr'>(Ι,</span> <span class='ocrx_word' id='word_1_77' title='bbox 1390 784 1483 835; x_wconf 89' lang='grc'>740)</span> <span class='ocrx_word' id='word_1_78' title='bbox 1498 814 1508 824; x_wconf 93' lang='grc'><strong>.</strong></span> <span class='ocrx_word' id='word_1_79' title='bbox 1523 815 1531 825; x_wconf 92' lang='grc'><strong>.</strong></span> <span class='ocrx_word' id='word_1_80' title='bbox 1549 814 1559 825; x_wconf 83' lang='grc'><strong>.</strong></span> 
     </span>
    </p>

    <p class='ocr_par' dir='ltr' id='par_1_5' title="bbox 246 847 1590 1143">
     <span class='ocr_line' id='line_1_11' title="bbox 246 847 1502 900; baseline -0.001 -15"><span class='ocrx_word' id='word_1_81' title='bbox 246 847 419 899; x_wconf 82' lang='lat'>(1‚714):</span> <span class='ocrx_word' id='word_1_82' title='bbox 447 849 501 887; x_wconf 88' lang='lat' dir='ltr'>Et</span> <span class='ocrx_word' id='word_1_83' title='bbox 524 849 590 899; x_wconf 92' lang='lat' dir='ltr'>qui</span> <span class='ocrx_word' id='word_1_84' title='bbox 618 853 805 899; x_wconf 84' lang='lat' dir='ltr'>quattuor</span> <span class='ocrx_word' id='word_1_85' title='bbox 832 860 884 888; x_wconf 87' lang='lat' dir='ltr'>ex</span> <span class='ocrx_word' id='word_1_86' title='bbox 907 850 1027 889; x_wconf 88' lang='lat' dir='ltr'>rebus</span> <span class='ocrx_word' id='word_1_87' title='bbox 1055 860 1178 900; x_wconf 85' lang='lat' dir='ltr'>posse</span> <span class='ocrx_word' id='word_1_88' title='bbox 1207 847 1339 887; x_wconf 85' lang='lat' dir='ltr'>omnia</span> <span class='ocrx_word' id='word_1_89' title='bbox 1364 849 1502 885; x_wconf 88' lang='lat' dir='ltr'>rentur</span> 
     </span>
     <span class='ocr_line' id='line_1_12' title="bbox 446 906 1564 961; baseline -0.002 -12"><span class='ocrx_word' id='word_1_90' title='bbox 446 921 496 949; x_wconf 82' lang='lat' dir='ltr'>ex</span> <span class='ocrx_word' id='word_1_91' title='bbox 524 909 607 961; x_wconf 90' lang='lat' dir='ltr'>igni</span> <span class='ocrx_word' id='word_1_92' title='bbox 634 914 746 950; x_wconf 76' lang='lat' dir='ltr'>terra</span> <span class='ocrx_word' id='word_1_93' title='bbox 773 913 892 961; x_wconf 86' lang='lat' dir='ltr'>atque</span> <span class='ocrx_word' id='word_1_94' title='bbox 923 910 1055 949; x_wconf 85' lang='lat' dir='ltr'>anima</span> <span class='ocrx_word' id='word_1_95' title='bbox 1081 920 1341 961; x_wconf 83' lang='lat' dir='ltr'>procrescere</span> <span class='ocrx_word' id='word_1_96' title='bbox 1370 910 1411 946; x_wconf 87' lang='lat' dir='ltr'>et</span> <span class='ocrx_word' id='word_1_97' title='bbox 1436 906 1564 947; x_wconf 83' lang='lat' dir='ltr'>imbri.</span> 
     </span>
     <span class='ocr_line' id='line_1_13' title="bbox 446 968 1590 1022; baseline -0.003 -13"><span class='ocrx_word' id='word_1_98' title='bbox 446 984 608 1021; x_wconf 90' lang='lat' dir='ltr'>quorum</span> <span class='ocrx_word' id='word_1_99' title='bbox 627 972 923 1022; x_wconf 81' lang='lat' dir='ltr'>Acragantinus</span> <span class='ocrx_word' id='word_1_100' title='bbox 951 984 1036 1010; x_wconf 90' lang='lat' dir='ltr'>cum</span> <span class='ocrx_word' id='word_1_101' title='bbox 1063 970 1199 1021; x_wconf 89' lang='lat' dir='ltr'>primis</span> <span class='ocrx_word' id='word_1_102' title='bbox 1218 968 1488 1019; x_wconf 87' lang='lat' dir='ltr'>Empedocles</span> <span class='ocrx_word' id='word_1_103' title='bbox 1515 970 1590 1017; x_wconf 86' lang='lat' dir='ltr'>est,</span> 
     </span>
     <span class='ocr_line' id='line_1_14' title="bbox 442 1029 1587 1083; baseline -0.001 -14"><span class='ocrx_word' id='word_1_104' title='bbox 442 1032 574 1071; x_wconf 84' lang='lat' dir='ltr'>insula</span> <span class='ocrx_word' id='word_1_105' title='bbox 603 1044 718 1083; x_wconf 89' lang='lat' dir='ltr'>quem</span> <span class='ocrx_word' id='word_1_106' title='bbox 751 1032 958 1083; x_wconf 82' lang='lat' dir='ltr'>triquetris</span> <span class='ocrx_word' id='word_1_107' title='bbox 984 1036 1180 1071; x_wconf 83' lang='lat' dir='ltr'>terrarum</span> <span class='ocrx_word' id='word_1_108' title='bbox 1209 1029 1338 1080; x_wconf 84' lang='lat' dir='ltr'>gessit</span> <span class='ocrx_word' id='word_1_109' title='bbox 1364 1029 1404 1068; x_wconf 88' lang='lat' dir='ltr'>in</span> <span class='ocrx_word' id='word_1_110' title='bbox 1432 1029 1513 1069; x_wconf 87' lang='lat' dir='ltr'>oris</span> <span class='ocrx_word' id='word_1_111' title='bbox 1542 1048 1587 1054; x_wconf 93' lang='lat'>—</span> 
     </span>
     <span class='ocr_line' id='line_1_15' title="bbox 446 1104 726 1143; baseline 0.011 -13"><span class='ocrx_word' id='word_1_112' title='bbox 446 1104 478 1130; x_wconf 86' lang='lat' dir='ltr'>c.</span> <span class='ocrx_word' id='word_1_113' title='bbox 508 1106 544 1143; x_wconf 79' lang='lat' dir='ltr'>q.</span> <span class='ocrx_word' id='word_1_114' title='bbox 574 1106 605 1132; x_wconf 82' lang='lat' dir='ltr'>s.</span> <span class='ocrx_word' id='word_1_115' title='bbox 627 1124 635 1133; x_wconf 92' lang='lat'>.</span> <span class='ocrx_word' id='word_1_116' title='bbox 656 1123 665 1133; x_wconf 87' lang='lat'><strong>.</strong></span> <span class='ocrx_word' id='word_1_117' title='bbox 687 1122 696 1132; x_wconf 82' lang='lat'><strong>.</strong></span> <span class='ocrx_word' id='word_1_118' title='bbox 717 1124 726 1133; x_wconf 86' lang='lat'><strong>.</strong></span> 
     </span>
    </p>

    <p class='ocr_par' dir='ltr' id='par_1_6' title="bbox 193 1150 1588 1447">
     <span class='ocr_line' id='line_1_16' title="bbox 299 1150 1588 1205; baseline -0.001 -15"><span class='ocrx_word' id='word_1_119' title='bbox 299 1151 419 1191; x_wconf 88' lang='lat' dir='ltr'>Hanc</span> <span class='ocrx_word' id='word_1_120' title='bbox 448 1153 605 1204; x_wconf 90' lang='lat' dir='ltr'>quidem</span> <span class='ocrx_word' id='word_1_121' title='bbox 629 1153 888 1205; x_wconf 85' lang='lat' dir='ltr'>Empedoclis</span> <span class='ocrx_word' id='word_1_122' title='bbox 919 1154 1159 1193; x_wconf 83' lang='lat' dir='ltr'>sententiam</span> <span class='ocrx_word' id='word_1_123' title='bbox 1178 1152 1296 1192; x_wconf 84' lang='lat' dir='ltr'>etiam</span> <span class='ocrx_word' id='word_1_124' title='bbox 1315 1151 1420 1202; x_wconf 84' lang='lat' dir='ltr'>apud</span> <span class='ocrx_word' id='word_1_125' title='bbox 1435 1150 1588 1190; x_wconf 88' lang='lat' dir='ltr'>Plutar—</span> 
     </span>
     <span class='ocr_line' id='line_1_17' title="bbox 197 1209 1587 1266; baseline -0.001 -17"><span class='ocrx_word' id='word_1_126' title='bbox 197 1211 311 1250; x_wconf 90' lang='lat' dir='ltr'>chum</span> <span class='ocrx_word' id='word_1_127' title='bbox 348 1212 537 1265; x_wconf 80' lang='lat' dir='ltr'>legimus,</span> <span class='ocrx_word' id='word_1_128' title='bbox 578 1215 644 1265; x_wconf 92' lang='lat' dir='ltr'>qui</span> <span class='ocrx_word' id='word_1_129' title='bbox 679 1215 728 1254; x_wconf 88' lang='lat' dir='ltr'>de</span> <span class='ocrx_word' id='word_1_130' title='bbox 757 1215 862 1266; x_wconf 89' lang='lat' dir='ltr'>plac.</span> <span class='ocrx_word' id='word_1_131' title='bbox 890 1216 984 1266; x_wconf 90' lang='lat' dir='ltr'>phil.</span> <span class='ocrx_word' id='word_1_132' title='bbox 1006 1216 1037 1265; x_wconf 92' lang='lat'>1,</span> <span class='ocrx_word' id='word_1_133' title='bbox 1056 1216 1080 1254; x_wconf 88' lang='lat'><strong>3</strong></span> <span class='ocrx_word' id='word_1_134' title='bbox 1108 1214 1167 1254; x_wconf 86' lang='lat' dir='ltr'>sic</span> <span class='ocrx_word' id='word_1_135' title='bbox 1186 1213 1353 1254; x_wconf 79' lang='lat' dir='ltr'>scribit:</span> <span class='ocrx_word' id='word_1_136' title='bbox 1387 1209 1497 1263; x_wconf 86' lang='grc' dir='ltr'>Ἐμπ.</span> <span class='ocrx_word' id='word_1_137' title='bbox 1518 1241 1527 1251; x_wconf 90' lang='grc'><strong>.</strong></span> <span class='ocrx_word' id='word_1_138' title='bbox 1548 1242 1557 1250; x_wconf 93' lang='grc'><strong>.</strong></span> <span class='ocrx_word' id='word_1_139' title='bbox 1579 1240 1587 1248; x_wconf 92' lang='grc'><strong>.</strong></span> 
     </span>
     <span class='ocr_line' id='line_1_18' title="bbox 193 1270 1587 1327; baseline 0.001 -19"><span class='ocrx_word' id='word_1_140' title='bbox 193 1270 345 1322; x_wconf 85' lang='grc' dir='ltr'>τέτταρα</span> <span class='ocrx_word' id='word_1_141' title='bbox 373 1272 460 1312; x_wconf 79' lang='grc' dir='ltr'>εἶναι</span> <span class='ocrx_word' id='word_1_142' title='bbox 485 1278 647 1327; x_wconf 81' lang='grc' dir='ltr'>στοιχεῖα</span> <span class='ocrx_word' id='word_1_143' title='bbox 675 1278 758 1326; x_wconf 78' lang='grc' dir='ltr'>πῦρ,</span> <span class='ocrx_word' id='word_1_144' title='bbox 786 1275 896 1326; x_wconf 76' lang='grc' dir='ltr'>ὕδωρ,</span> <span class='ocrx_word' id='word_1_145' title='bbox 923 1279 1001 1326; x_wconf 82' lang='grc' dir='ltr'>γῆν.</span> <span class='ocrx_word' id='word_1_146' title='bbox 1031 1274 1095 1313; x_wconf 84' lang='grc' dir='ltr'>δύο</span> <span class='ocrx_word' id='word_1_147' title='bbox 1123 1274 1155 1312; x_wconf 81' lang='grc' dir='ltr'>δ’</span> <span class='ocrx_word' id='word_1_148' title='bbox 1170 1274 1322 1325; x_wconf 80' lang='grc' dir='ltr'>ἀρχικὰς</span> <span class='ocrx_word' id='word_1_149' title='bbox 1349 1273 1516 1323; x_wconf 80' lang='grc' dir='ltr'>δυνάμεις</span> <span class='ocrx_word' id='word_1_150' title='bbox 1535 1286 1587 1323; x_wconf 86' lang='grc' dir='ltr'>φι-</span> 
     </span>
     <span class='ocr_line' id='line_1_19' title="bbox 195 1331 1588 1389; baseline 0.003 -20"><span class='ocrx_word' id='word_1_151' title='bbox 195 1331 272 1370; x_wconf 85' lang='grc' dir='ltr'>λίαν</span> <span class='ocrx_word' id='word_1_152' title='bbox 300 1347 339 1372; x_wconf 80' lang='grc' dir='ltr'>τε</span> <span class='ocrx_word' id='word_1_153' title='bbox 366 1334 423 1374; x_wconf 77' lang='grc' dir='ltr'>καὶ</span> <span class='ocrx_word' id='word_1_154' title='bbox 450 1338 580 1379; x_wconf 83' lang='grc' dir='ltr'>νεῖκος·</span> <span class='ocrx_word' id='word_1_155' title='bbox 609 1336 658 1375; x_wconf 82' lang='grc' dir='ltr'>ὦν</span> <span class='ocrx_word' id='word_1_156' title='bbox 686 1338 709 1389; x_wconf 81' lang='grc' dir='ltr'>ἡ</span> <span class='ocrx_word' id='word_1_157' title='bbox 737 1335 800 1388; x_wconf 86' lang='grc' dir='ltr'>μέν</span> <span class='ocrx_word' id='word_1_158' title='bbox 819 1336 910 1375; x_wconf 70' lang='grc' dir='ltr'>ἐστιν</span> <span class='ocrx_word' id='word_1_159' title='bbox 929 1335 1091 1388; x_wconf 75' lang='grc' dir='ltr'>ἑνωτική,</span> <span class='ocrx_word' id='word_1_160' title='bbox 1118 1334 1160 1374; x_wconf 87' lang='grc' dir='ltr'>τὸ</span> <span class='ocrx_word' id='word_1_161' title='bbox 1182 1335 1223 1375; x_wconf 80' lang='grc' dir='ltr'>δὲ</span> <span class='ocrx_word' id='word_1_162' title='bbox 1241 1332 1458 1386; x_wconf 80' lang='grc' dir='ltr'>διαιρετικόν.</span> <span class='ocrx_word' id='word_1_163' title='bbox 1493 1334 1588 1385; x_wconf 85' lang='lat' dir='ltr'>Ipse</span> 
     </span>
     <span class='ocr_line' id='line_1_20' title="bbox 193 1396 643 1447; baseline 0.013 -16"><span class='ocrx_word' id='word_1_164' title='bbox 193 1398 327 1433; x_wconf 85' lang='lat' dir='ltr'>autem</span> <span class='ocrx_word' id='word_1_165' title='bbox 351 1396 643 1447; x_wconf 85' lang='lat' dir='ltr'>Empedocles:</span> 
     </span>
    </p>

    <p class='ocr_par' dir='ltr' id='par_1_7' title="bbox 380 1456 1419 1572">
     <span class='ocr_line' id='line_1_21' title="bbox 380 1456 1329 1511; baseline 0 -16"><span class='ocrx_word' id='word_1_166' title='bbox 380 1456 536 1507; x_wconf 82' lang='grc' dir='ltr'>τέσσαρα</span> <span class='ocrx_word' id='word_1_167' title='bbox 564 1460 635 1496; x_wconf 85' lang='grc' dir='ltr'>τῶν</span> <span class='ocrx_word' id='word_1_168' title='bbox 663 1459 804 1497; x_wconf 83' lang='grc' dir='ltr'>πάντων</span> <span class='ocrx_word' id='word_1_169' title='bbox 830 1459 1012 1511; x_wconf 75' lang='grc' dir='ltr'>ῥιζώματα</span> <span class='ocrx_word' id='word_1_170' title='bbox 1040 1460 1179 1510; x_wconf 86' lang='grc' dir='ltr'>πρῶτον</span> <span class='ocrx_word' id='word_1_171' title='bbox 1207 1456 1329 1508; x_wconf 81' lang='grc' dir='ltr'>ἄκουε,</span> 
     </span>
     <span class='ocr_line' id='line_1_22' title="bbox 380 1518 1419 1572; baseline 0.003 -16"><span class='ocrx_word' id='word_1_172' title='bbox 380 1520 449 1570; x_wconf 84' lang='grc' dir='ltr'>πῦρ</span> <span class='ocrx_word' id='word_1_173' title='bbox 477 1519 534 1558; x_wconf 82' lang='grc' dir='ltr'>καὶ</span> <span class='ocrx_word' id='word_1_174' title='bbox 560 1520 657 1571; x_wconf 81' lang='grc' dir='ltr'>ὕδωρ</span> <span class='ocrx_word' id='word_1_175' title='bbox 684 1521 742 1559; x_wconf 79' lang='grc' dir='ltr'>καὶ</span> <span class='ocrx_word' id='word_1_176' title='bbox 768 1523 868 1571; x_wconf 78' lang='grc' dir='ltr'>γαῖαν</span> <span class='ocrx_word' id='word_1_177' title='bbox 896 1520 935 1560; x_wconf 82' lang='grc' dir='ltr'>ἰδ’</span> <span class='ocrx_word' id='word_1_178' title='bbox 958 1520 1101 1572; x_wconf 75' lang='grc' dir='ltr'>αἰθέρος</span> <span class='ocrx_word' id='word_1_179' title='bbox 1128 1518 1283 1558; x_wconf 76' lang='grc' dir='ltr'>ἄπλετον</span> <span class='ocrx_word' id='word_1_180' title='bbox 1311 1519 1419 1570; x_wconf 79' lang='grc' dir='ltr'>ὕψος·</span> 
     </span>
    </p>

    <p class='ocr_par' dir='ltr' id='par_1_8' title="bbox 191 1578 1587 2123">
     <span class='ocr_line' id='line_1_23' title="bbox 248 1578 1444 1634; baseline 0.002 -17"><span class='ocrx_word' id='word_1_181' title='bbox 248 1631 251 1633; x_wconf 66' lang='lat'>‚</span> <span class='ocrx_word' id='word_1_182' title='bbox 381 1579 423 1618; x_wconf 82' lang='grc' dir='ltr'>ἐκ</span> <span class='ocrx_word' id='word_1_183' title='bbox 449 1580 517 1631; x_wconf 81' lang='grc' dir='ltr'>γὰρ</span> <span class='ocrx_word' id='word_1_184' title='bbox 545 1583 617 1619; x_wconf 84' lang='grc' dir='ltr'>τῶν</span> <span class='ocrx_word' id='word_1_185' title='bbox 646 1580 714 1619; x_wconf 79' lang='grc' dir='ltr'>ὅσα</span> <span class='ocrx_word' id='word_1_186' title='bbox 741 1580 764 1621; x_wconf 85' lang='grc' dir='ltr'>τ’</span> <span class='ocrx_word' id='word_1_187' title='bbox 786 1583 829 1634; x_wconf 85' lang='grc' dir='ltr'>ἦν</span> <span class='ocrx_word' id='word_1_188' title='bbox 858 1583 927 1621; x_wconf 84' lang='grc' dir='ltr'>ὅσοι</span> <span class='ocrx_word' id='word_1_189' title='bbox 954 1582 980 1620; x_wconf 77' lang='grc' dir='ltr'>τ’</span> <span class='ocrx_word' id='word_1_190' title='bbox 1000 1582 1145 1621; x_wconf 79' lang='grc' dir='ltr'>ἔσσεται</span> <span class='ocrx_word' id='word_1_191' title='bbox 1171 1581 1261 1620; x_wconf 79' lang='grc' dir='ltr'>ὅσσα</span> <span class='ocrx_word' id='word_1_192' title='bbox 1290 1578 1311 1619; x_wconf 82' lang='grc' dir='ltr'>τ’</span> <span class='ocrx_word' id='word_1_193' title='bbox 1334 1579 1444 1619; x_wconf 81' lang='grc' dir='ltr'>ἔασιν.</span> 
     </span>
     <span class='ocr_line' id='line_1_24' title="bbox 194 1641 1586 1695; baseline 0 -17"><span class='ocrx_word' id='word_1_194' title='bbox 194 1641 484 1692; x_wconf 83' lang='lat' dir='ltr'>(carm.fragm.</span> <span class='ocrx_word' id='word_1_195' title='bbox 497 1643 739 1693; x_wconf 84' lang='lat' dir='ltr'>v.59Mu11.).</span> <span class='ocrx_word' id='word_1_196' title='bbox 793 1645 926 1695; x_wconf 84' lang='lat' dir='ltr'>Atque</span> <span class='ocrx_word' id='word_1_197' title='bbox 947 1645 1048 1683; x_wconf 85' lang='lat' dir='ltr'>haec</span> <span class='ocrx_word' id='word_1_198' title='bbox 1066 1643 1275 1694; x_wconf 85' lang='lat' dir='ltr'>principia,</span> <span class='ocrx_word' id='word_1_199' title='bbox 1305 1654 1405 1692; x_wconf 84' lang='lat' dir='ltr'>quae</span> <span class='ocrx_word' id='word_1_200' title='bbox 1426 1642 1476 1680; x_wconf 84' lang='lat' dir='ltr'>ab</span> <span class='ocrx_word' id='word_1_201' title='bbox 1495 1641 1586 1691; x_wconf 90' lang='lat' dir='ltr'>ipso</span> 
     </span>
     <span class='ocr_line' id='line_1_25' title="bbox 196 1701 1585 1756; baseline 0.001 -17"><span class='ocrx_word' id='word_1_202' title='bbox 196 1701 438 1754; x_wconf 87' lang='lat' dir='ltr'>philosopho</span> <span class='ocrx_word' id='word_1_203' title='bbox 467 1717 547 1742; x_wconf 90' lang='lat' dir='ltr'>non</span> <span class='ocrx_word' id='word_1_204' title='bbox 574 1706 733 1755; x_wconf 84' lang='grc' dir='ltr'>στοιχεῖα</span> <span class='ocrx_word' id='word_1_205' title='bbox 760 1705 833 1744; x_wconf 90' lang='lat' dir='ltr'>sed</span> <span class='ocrx_word' id='word_1_206' title='bbox 861 1705 1043 1756; x_wconf 75' lang='grc' dir='ltr'><strong>ῥιζώματα</strong></span> <span class='ocrx_word' id='word_1_207' title='bbox 1070 1708 1279 1754; x_wconf 86' lang='lat' dir='ltr'>vocantur,</span> <span class='ocrx_word' id='word_1_208' title='bbox 1308 1716 1432 1754; x_wconf 85' lang='lat' dir='ltr'>saepe</span> <span class='ocrx_word' id='word_1_209' title='bbox 1459 1702 1585 1741; x_wconf 86' lang='lat' dir='ltr'>varia-</span> 
     </span>
     <span class='ocr_line' id='line_1_26' title="bbox 193 1762 1585 1818; baseline 0 -17"><span class='ocrx_word' id='word_1_210' title='bbox 193 1762 246 1802; x_wconf 80' lang='lat' dir='ltr'>tis</span> <span class='ocrx_word' id='word_1_211' title='bbox 268 1763 332 1803; x_wconf 83' lang='lat' dir='ltr'>vel</span> <span class='ocrx_word' id='word_1_212' title='bbox 349 1765 531 1815; x_wconf 84' lang='lat' dir='ltr'>figuratis</span> <span class='ocrx_word' id='word_1_213' title='bbox 551 1765 776 1807; x_wconf 87' lang='lat' dir='ltr'>nominibus</span> <span class='ocrx_word' id='word_1_214' title='bbox 797 1767 855 1807; x_wconf 77' lang='lat' dir='ltr'>sic</span> <span class='ocrx_word' id='word_1_215' title='bbox 877 1767 1150 1818; x_wconf 82' lang='lat' dir='ltr'>appellantur:</span> <span class='ocrx_word' id='word_1_216' title='bbox 1180 1766 1345 1817; x_wconf 79' lang='lat' dir='ltr'>primum</span> <span class='ocrx_word' id='word_1_217' title='bbox 1373 1766 1453 1815; x_wconf 82' lang='grc' dir='ltr'>πῦρ,</span> <span class='ocrx_word' id='word_1_218' title='bbox 1480 1763 1585 1816; x_wconf 82' lang='grc' dir='ltr'>ἠλέκ-</span> 
     </span>
     <span class='ocr_line' id='line_1_27' title="bbox 193 1820 1585 1879; baseline 0 -18"><span class='ocrx_word' id='word_1_219' title='bbox 193 1837 285 1874; x_wconf 78' lang='grc' dir='ltr'>τωρ,</span> <span class='ocrx_word' id='word_1_220' title='bbox 320 1820 467 1877; x_wconf 68' lang='grc' dir='ltr'>Ἵ-Ῑλιος,</span> <span class='ocrx_word' id='word_1_221' title='bbox 498 1822 718 1878; x_wconf 70' lang='grc' dir='ltr'>“Ηφαιστος,</span> <span class='ocrx_word' id='word_1_222' title='bbox 759 1828 851 1870; x_wconf 83' lang='grc' dir='ltr'>Ζεὺς</span> <span class='ocrx_word' id='word_1_223' title='bbox 886 1828 1008 1879; x_wconf 74' lang='grc' dir='ltr'>ἀργής,</span> <span class='ocrx_word' id='word_1_224' title='bbox 1038 1826 1211 1875; x_wconf 84' lang='grc' dir='ltr'>Τιτοίν38)</span> <span class='ocrx_word' id='word_1_225' title='bbox 1246 1828 1432 1866; x_wconf 81' lang='lat' dir='ltr'>alterum:</span> <span class='ocrx_word' id='word_1_226' title='bbox 1476 1824 1585 1875; x_wconf 80' lang='grc' dir='ltr'>ὕδωρ,</span> 
     </span>
     <span class='ocr_line' id='line_1_28' title="bbox 195 1882 1586 1940; baseline -0.001 -16"><span class='ocrx_word' id='word_1_227' title='bbox 195 1882 341 1936; x_wconf 82' lang='grc' dir='ltr'>ὄμβρος,</span> <span class='ocrx_word' id='word_1_228' title='bbox 369 1885 509 1937; x_wconf 81' lang='grc' dir='ltr'>πόντος,</span> <span class='ocrx_word' id='word_1_229' title='bbox 539 1888 717 1940; x_wconf 77' lang='grc' dir='ltr'>θάλασσα,</span> <span class='ocrx_word' id='word_1_230' title='bbox 748 1888 893 1939; x_wconf 82' lang='grc' dir='ltr'><strong>Νῆστις,</strong></span> <span class='ocrx_word' id='word_1_231' title='bbox 922 1889 1099 1928; x_wconf 85' lang='lat' dir='ltr'>tertium:</span> <span class='ocrx_word' id='word_1_232' title='bbox 1127 1890 1173 1938; x_wconf 80' lang='grc' dir='ltr'>γῆ</span> <span class='ocrx_word' id='word_1_233' title='bbox 1202 1888 1333 1936; x_wconf 71' lang='grc' dir='ltr'><strong>(γαῖα),</strong></span> <span class='ocrx_word' id='word_1_234' title='bbox 1361 1886 1476 1937; x_wconf 70' lang='grc' dir='ltr'>χθών,</span> <span class='ocrx_word' id='word_1_235' title='bbox 1509 1882 1586 1923; x_wconf 85' lang='grc' dir='ltr'>Ἀϊ-</span> 
     </span>
     <span class='ocr_line' id='line_1_29' title="bbox 191 1945 1585 2001; baseline 0.002 -19"><span class='ocrx_word' id='word_1_236' title='bbox 191 1945 336 1997; x_wconf 77' lang='grc' dir='ltr'>δωνεύς,</span> <span class='ocrx_word' id='word_1_237' title='bbox 358 1956 557 1998; x_wconf 83' lang='lat' dir='ltr'>quartum:</span> <span class='ocrx_word' id='word_1_238' title='bbox 586 1949 705 2000; x_wconf 80' lang='grc' dir='ltr'>αἰθήρ,</span> <span class='ocrx_word' id='word_1_239' title='bbox 735 1949 895 2001; x_wconf 77' lang='grc' dir='ltr'>οὐρανός,</span> <span class='ocrx_word' id='word_1_240' title='bbox 913 1946 1012 2001; x_wconf 82' lang='grc' dir='ltr'>’Ἡρη</span> <span class='ocrx_word' id='word_1_241' title='bbox 1034 1948 1230 2001; x_wconf 82' lang='grc' dir='ltr'>φερέσβιος.</span> <span class='ocrx_word' id='word_1_242' title='bbox 1261 1949 1420 1998; x_wconf 84' lang='lat' dir='ltr'>(fragm.</span> <span class='ocrx_word' id='word_1_243' title='bbox 1441 1962 1477 1985; x_wconf 90' lang='lat' dir='ltr'>v.</span> <span class='ocrx_word' id='word_1_244' title='bbox 1497 1946 1585 1995; x_wconf 84' lang='lat'><strong>235,</strong></span> 
     </span>
     <span class='ocr_line' id='line_1_30' title="bbox 194 2007 1587 2062; baseline 0.001 -16"><span class='ocrx_word' id='word_1_245' title='bbox 194 2007 361 2058; x_wconf 83' lang='lat'>79,321‚</span> <span class='ocrx_word' id='word_1_246' title='bbox 383 2009 457 2049; x_wconf 89' lang='lat'>159</span> <span class='ocrx_word' id='word_1_247' title='bbox 476 2012 549 2059; x_wconf 85' lang='lat' dir='ltr'>ct.)</span> <span class='ocrx_word' id='word_1_248' title='bbox 592 2031 643 2038; x_wconf 88' lang='lat'>—</span> <span class='ocrx_word' id='word_1_249' title='bbox 688 2011 841 2059; x_wconf 86' lang='lat' dir='ltr'>Quodsi</span> <span class='ocrx_word' id='word_1_250' title='bbox 878 2012 1089 2052; x_wconf 85' lang='lat' dir='ltr'>Lucretius</span> <span class='ocrx_word' id='word_1_251' title='bbox 1127 2009 1262 2062; x_wconf 85' lang='lat' dir='ltr'>pauno</span> <span class='ocrx_word' id='word_1_252' title='bbox 1297 2012 1510 2060; x_wconf 85' lang='lat' dir='ltr'>postquam</span> <span class='ocrx_word' id='word_1_253' title='bbox 1537 2008 1587 2047; x_wconf 90' lang='lat' dir='ltr'>de</span> 
     </span>
     <span class='ocr_line' id='line_1_31' title="bbox 194 2068 1249 2123; baseline 0.005 -16"><span class='ocrx_word' id='word_1_254' title='bbox 194 2068 405 2110; x_wconf 86' lang='lat' dir='ltr'>elementis</span> <span class='ocrx_word' id='word_1_255' title='bbox 431 2071 511 2111; x_wconf 82' lang='lat' dir='ltr'>illis</span> <span class='ocrx_word' id='word_1_256' title='bbox 539 2073 797 2123; x_wconf 84' lang='lat' dir='ltr'>Empedoclis</span> <span class='ocrx_word' id='word_1_257' title='bbox 826 2074 983 2112; x_wconf 89' lang='lat' dir='ltr'>locutus</span> <span class='ocrx_word' id='word_1_258' title='bbox 1013 2078 1088 2122; x_wconf 88' lang='lat' dir='ltr'>est,</span> <span class='ocrx_word' id='word_1_259' title='bbox 1117 2074 1249 2112; x_wconf 87' lang='lat' dir='ltr'>addit:</span> 
     </span>
    </p>

    <p class='ocr_par' dir='ltr' id='par_1_9' title="bbox 242 2128 1555 2370">
     <span class='ocr_line' id='line_1_32' title="bbox 242 2128 1555 2185; baseline 0.001 -17"><span class='ocrx_word' id='word_1_260' title='bbox 242 2128 291 2178; x_wconf 84' lang='grc' dir='ltr'>(Ι,</span> <span class='ocrx_word' id='word_1_261' title='bbox 309 2130 421 2181; x_wconf 82' lang='lat'>782):</span> <span class='ocrx_word' id='word_1_262' title='bbox 459 2132 563 2179; x_wconf 86' lang='lat' dir='ltr'>Quin</span> <span class='ocrx_word' id='word_1_263' title='bbox 587 2133 706 2172; x_wconf 81' lang='lat' dir='ltr'>ctiam</span> <span class='ocrx_word' id='word_1_264' title='bbox 722 2137 912 2185; x_wconf 76' lang='lat' dir='ltr'>repetunt</span> <span class='ocrx_word' id='word_1_265' title='bbox 938 2146 961 2172; x_wconf 84' lang='lat' dir='ltr'>a</span> <span class='ocrx_word' id='word_1_266' title='bbox 988 2134 1103 2173; x_wconf 87' lang='lat' dir='ltr'>coelo</span> <span class='ocrx_word' id='word_1_267' title='bbox 1133 2137 1254 2185; x_wconf 84' lang='lat' dir='ltr'>atque</span> <span class='ocrx_word' id='word_1_268' title='bbox 1278 2131 1439 2183; x_wconf 87' lang='lat' dir='ltr'>ignibus</span> <span class='ocrx_word' id='word_1_269' title='bbox 1468 2129 1555 2180; x_wconf 89' lang='lat' dir='ltr'>ejus</span> 
     </span>
     <span class='ocr_line' id='line_1_33' title="bbox 439 2194 1487 2247; baseline -0.003 -13"><span class='ocrx_word' id='word_1_270' title='bbox 439 2198 481 2234; x_wconf 88' lang='lat' dir='ltr'>et</span> <span class='ocrx_word' id='word_1_271' title='bbox 508 2194 674 2245; x_wconf 85' lang='lat' dir='ltr'>primum</span> <span class='ocrx_word' id='word_1_272' title='bbox 701 2196 854 2235; x_wconf 74' lang='lat' dir='ltr'>faciunt</span> <span class='ocrx_word' id='word_1_273' title='bbox 879 2196 1011 2247; x_wconf 86' lang='lat' dir='ltr'>ignem</span> <span class='ocrx_word' id='word_1_274' title='bbox 1041 2208 1084 2236; x_wconf 89' lang='lat' dir='ltr'>se</span> <span class='ocrx_word' id='word_1_275' title='bbox 1114 2200 1273 2236; x_wconf 87' lang='lat' dir='ltr'>vertere</span> <span class='ocrx_word' id='word_1_276' title='bbox 1300 2195 1339 2233; x_wconf 88' lang='lat' dir='ltr'>in</span> <span class='ocrx_word' id='word_1_277' title='bbox 1369 2206 1487 2233; x_wconf 81' lang='lat' dir='ltr'>auras</span> 
     </span>
     <span class='ocr_line' id='line_1_34' title="bbox 440 2254 1425 2309; baseline -0.002 -15"><span class='ocrx_word' id='word_1_278' title='bbox 440 2258 559 2306; x_wconf 67' lang='lat' dir='ltr'>aeris,</span> <span class='ocrx_word' id='word_1_279' title='bbox 587 2257 679 2296; x_wconf 87' lang='lat' dir='ltr'>hinc</span> <span class='ocrx_word' id='word_1_280' title='bbox 705 2258 868 2296; x_wconf 83' lang='lat' dir='ltr'>imbrem</span> <span class='ocrx_word' id='word_1_281' title='bbox 899 2258 1009 2309; x_wconf 85' lang='lat' dir='ltr'>gigni</span> <span class='ocrx_word' id='word_1_282' title='bbox 1038 2262 1266 2307; x_wconf 83' lang='lat' dir='ltr'>terramque</span> <span class='ocrx_word' id='word_1_283' title='bbox 1295 2254 1425 2294; x_wconf 85' lang='lat' dir='ltr'>creari</span> 
     </span>
     <span class='ocr_line' id='line_1_35' title="bbox 438 2314 1401 2370; baseline -0.003 -15"><span class='ocrx_word' id='word_1_284' title='bbox 438 2329 488 2355; x_wconf 86' lang='lat' dir='ltr'>ex</span> <span class='ocrx_word' id='word_1_285' title='bbox 516 2318 629 2357; x_wconf 90' lang='lat' dir='ltr'>imbri</span> <span class='ocrx_word' id='word_1_286' title='bbox 658 2323 847 2370; x_wconf 75' lang='lat' dir='ltr'>retroque</span> <span class='ocrx_word' id='word_1_287' title='bbox 877 2332 902 2358; x_wconf 88' lang='lat' dir='ltr'>a</span> <span class='ocrx_word' id='word_1_288' title='bbox 928 2323 1039 2358; x_wconf 80' lang='lat' dir='ltr'>terra</span> <span class='ocrx_word' id='word_1_289' title='bbox 1068 2321 1212 2358; x_wconf 88' lang='lat' dir='ltr'>cuncta</span> <span class='ocrx_word' id='word_1_290' title='bbox 1241 2314 1401 2364; x_wconf 85' lang='lat' dir='ltr'>reverti,</span> 
     </span>
    </p>

    <p class='ocr_par' dir='ltr' id='par_1_10' title="bbox 438 2390 598 2429">
     <span class='ocr_line' id='line_1_36' title="bbox 438 2390 598 2429; baseline 0.019 -13"><span class='ocrx_word' id='word_1_291' title='bbox 438 2390 471 2416; x_wconf 89' lang='lat' dir='ltr'>e.</span> <span class='ocrx_word' id='word_1_292' title='bbox 501 2392 537 2429; x_wconf 89' lang='lat' dir='ltr'>q.</span> <span class='ocrx_word' id='word_1_293' title='bbox 565 2392 598 2419; x_wconf 78' lang='lat' dir='ltr'>S.</span> 
     </span>
    </p>
   </div>
   <div class='ocr_carea' id='block_1_3' title="bbox 189 2496 1583 2694">
    <p class='ocr_par' dir='ltr' id='par_1_11' title="bbox 189 2496 1583 2694">
     <span class='ocr_line' id='line_1_37' title="bbox 275 2496 1583 2542; baseline -0.002 -11"><span class='ocrx_word' id='word_1_294' title='bbox 275 2497 316 2538; x_wconf 57' lang='grc' dir='ltr'>Μ’)</span> <span class='ocrx_word' id='word_1_295' title='bbox 337 2497 491 2538; x_wconf 80' lang='lat' dir='ltr'>Passow,</span> <span class='ocrx_word' id='word_1_296' title='bbox 514 2500 572 2542; x_wconf 87' lang='lat' dir='ltr'>qui</span> <span class='ocrx_word' id='word_1_297' title='bbox 594 2499 683 2532; x_wconf 90' lang='lat' dir='ltr'>hunc</span> <span class='ocrx_word' id='word_1_298' title='bbox 706 2501 819 2533; x_wconf 84' lang='lat' dir='ltr'>locum</span> <span class='ocrx_word' id='word_1_299' title='bbox 843 2510 919 2533; x_wconf 87' lang='lat' dir='ltr'>cum</span> <span class='ocrx_word' id='word_1_300' title='bbox 942 2500 1009 2532; x_wconf 79' lang='lat' dir='ltr'>alio</span> <span class='ocrx_word' id='word_1_301' title='bbox 1034 2499 1180 2542; x_wconf 82' lang='lat' dir='ltr'>quodam</span> <span class='ocrx_word' id='word_1_302' title='bbox 1203 2497 1499 2541; x_wconf 83' lang='lat' dir='ltr'>(Orph.Arg.510‚</span> <span class='ocrx_word' id='word_1_303' title='bbox 1513 2496 1583 2533; x_wconf 65' lang='lat' dir='ltr'>im,</span> 
     </span>
     <span class='ocr_line' id='line_1_38' title="bbox 189 2547 1582 2594; baseline -0.004 -9"><span class='ocrx_word' id='word_1_304' title='bbox 189 2547 218 2580; x_wconf 84' lang='lat'>2·</span> <span class='ocrx_word' id='word_1_305' title='bbox 242 2547 337 2588; x_wconf 69' lang='lat'>7723)</span> <span class='ocrx_word' id='word_1_306' title='bbox 360 2553 548 2592; x_wconf 66' lang='lat' dir='ltr'>comparat,</span> <span class='ocrx_word' id='word_1_307' title='bbox 572 2551 672 2583; x_wconf 86' lang='lat' dir='ltr'>dicit:</span> <span class='ocrx_word' id='word_1_308' title='bbox 697 2551 762 2583; x_wconf 77' lang='lat' dir='ltr'>Bei</span> <span class='ocrx_word' id='word_1_309' title='bbox 785 2552 928 2594; x_wconf 62' lang='lat' dir='ltr'>spatern</span> <span class='ocrx_word' id='word_1_310' title='bbox 943 2551 1121 2588; x_wconf 84' lang='lat' dir='ltr'>Dichtern‚</span> <span class='ocrx_word' id='word_1_311' title='bbox 1145 2549 1253 2580; x_wconf 87' lang='lat' dir='ltr'>denen</span> <span class='ocrx_word' id='word_1_312' title='bbox 1279 2548 1334 2580; x_wconf 87' lang='lat' dir='ltr'>die</span> <span class='ocrx_word' id='word_1_313' title='bbox 1352 2547 1582 2581; x_wconf 83' lang='lat' dir='ltr'>lateinischen</span> 
     </span>
     <span class='ocr_line' id='line_1_39' title="bbox 190 2589 1583 2646; baseline -0.006 -10"><span class='ocrx_word' id='word_1_314' title='bbox 190 2599 333 2641; x_wconf 78' lang='lat' dir='ltr'>folgten,</span> <span class='ocrx_word' id='word_1_315' title='bbox 354 2601 466 2635; x_wconf 78' lang='lat' dir='ltr'>heisst</span> <span class='ocrx_word' id='word_1_316' title='bbox 489 2613 527 2636; x_wconf 82' lang='lat' dir='ltr'>so</span> <span class='ocrx_word' id='word_1_317' title='bbox 551 2603 612 2636; x_wconf 89' lang='lat' dir='ltr'>der</span> <span class='ocrx_word' id='word_1_318' title='bbox 634 2604 853 2646; x_wconf 76' lang='lat' dir='ltr'>Sonnengott</span> <span class='ocrx_word' id='word_1_319' title='bbox 876 2604 1004 2640; x_wconf 78' lang='lat' dir='ltr'>selbst3</span> <span class='ocrx_word' id='word_1_320' title='bbox 1029 2601 1153 2640; x_wconf 82' lang='lat' dir='ltr'>Zeller,</span> <span class='ocrx_word' id='word_1_321' title='bbox 1176 2600 1202 2639; x_wconf 94' lang='lat' dir='ltr'>I,</span> <span class='ocrx_word' id='word_1_322' title='bbox 1225 2612 1258 2643; x_wconf 92' lang='lat' dir='ltr'>p.</span> <span class='ocrx_word' id='word_1_323' title='bbox 1271 2601 1332 2634; x_wconf 80' lang='lat'>523</span> <span class='ocrx_word' id='word_1_324' title='bbox 1347 2611 1440 2633; x_wconf 85' lang='lat' dir='ltr'>ann.:</span> <span class='ocrx_word' id='word_1_325' title='bbox 1464 2589 1583 2638; x_wconf 70' lang='grc' dir='ltr'>Τιτὰν,</span> 
     </span>
     <span class='ocr_line' id='line_1_40' title="bbox 189 2650 1582 2694; baseline 0 -12"><span class='ocrx_word' id='word_1_326' title='bbox 189 2651 251 2682; x_wconf 82' lang='lat' dir='ltr'>der</span> <span class='ocrx_word' id='word_1_327' title='bbox 261 2652 549 2694; x_wconf 72' lang='lat' dir='ltr'>Ausgebreitete,</span> <span class='ocrx_word' id='word_1_328' title='bbox 573 2655 620 2687; x_wconf 85' lang='lat' dir='ltr'>ist</span> <span class='ocrx_word' id='word_1_329' title='bbox 643 2656 718 2687; x_wconf 85' lang='lat' dir='ltr'>hier</span> <span class='ocrx_word' id='word_1_330' title='bbox 740 2656 803 2689; x_wconf 86' lang='lat' dir='ltr'>wol</span> <span class='ocrx_word' id='word_1_331' title='bbox 827 2655 923 2691; x_wconf 83' lang='lat' dir='ltr'>nicht</span> <span class='ocrx_word' id='word_1_332' title='bbox 935 2652 1182 2694; x_wconf 87' lang='lat' dir='ltr'>Bezeichuung</span> <span class='ocrx_word' id='word_1_333' title='bbox 1204 2653 1265 2685; x_wconf 86' lang='lat' dir='ltr'>der</span> <span class='ocrx_word' id='word_1_334' title='bbox 1281 2652 1409 2690; x_wconf 85' lang='lat' dir='ltr'>Sonne,</span> <span class='ocrx_word' id='word_1_335' title='bbox 1434 2650 1582 2686; x_wconf 84' lang='lat' dir='ltr'>sondern</span> 
     </span>
    </p>
   </div>
   <div class='ocr_carea' id='block_1_4' title="bbox 185 2705 607 2744">
    <p class='ocr_par' dir='ltr' id='par_1_12' title="bbox 185 2705 607 2744">
     <span class='ocr_line' id='line_1_41' title="bbox 185 2705 607 2744; baseline -0.002 -5"><span class='ocrx_word' id='word_1_336' title='bbox 185 2707 353 2744; x_wconf 77' lang='lat' dir='ltr'>Beiuame</span> <span class='ocrx_word' id='word_1_337' title='bbox 376 2705 436 2738; x_wconf 82' lang='lat' dir='ltr'>(les</span> <span class='ocrx_word' id='word_1_338' title='bbox 464 2707 607 2744; x_wconf 72' lang='lat' dir='ltr'>Aether,</span> 
     </span>
    </p>
   </div>
  </div>
 </body>
</html>
