1804 2936
845 190 979 251 242

355 310 445 349 Jam
474 322 570 349 vero
602 322 688 349 cum
715 304 897 351 versibus
931 313 996 352 112
1022 326 1108 365 sqq
1135 315 1294 368 (libriI)
1322 317 1360 357 hi
1390 320 1644 371 comparandi

253 371 453 421 videntur,
483 372 548 422 qui
576 373 615 411 in
644 374 767 413 tertio
795 374 899 414 libro
927 375 1135 426 leguntur:

252 434 542 483 (111‚6705q.:)

375 493 624 543 „Praeterea
654 495 686 533 si
713 497 937 536 inmortalis
966 501 1109 537 natura
1137 501 1282 540 animai

374 559 537 595 constat
565 560 605 595 et
631 557 671 594 in
700 569 844 608 corpus
871 561 1132 600 nascentibus
1159 561 1390 611 insinuatur,

374 630 443 656 cur
472 630 591 668 super
617 623 712 659 ante
742 624 898 659 anetam
926 623 1102 659 aetatem
1129 624 1345 663 neminisse
1373 624 1606 674 nequimus?

250 692 284 716 v.
299 678 374 717 679
391 691 495 728 sqq:

369 739 592 779 Praeterea
619 741 651 779 si
679 741 756 779 iam
784 741 968 792 perfecto
998 753 1171 792 corpore
1199 744 1317 783 nobis

370 801 511 840 inferri
540 801 701 840 solitast
729 803 848 840 animi
877 803 1007 842 vivata
1033 807 1220 853 potestas

369 866 449 900 tum
479 874 566 901 cum
595 863 793 913 gignimur
821 868 861 903 et
886 865 993 904 vitae
1023 877 1110 903 cum
1136 865 1255 905 limen
1282 867 1424 906 inimus

371 936 405 962 e.
435 937 470 973 q.
502 936 533 963 s.

244 996 280 1020 v.
302 983 375 1022 748
397 997 474 1034 sq.:

371 1046 514 1094 quodsi
542 1046 764 1084 inmortalis
793 1047 899 1085 foret
926 1048 1002 1093 (vis
1032 1048 1166 1095 animi)
1196 1052 1237 1087 et
1263 1051 1416 1088 mutare
1444 1051 1597 1089 soleret

369 1117 553 1155 corpora,
583 1108 790 1157 permixtis
821 1109 1042 1148 animantes
1070 1110 1243 1148 moribus
1272 1115 1412 1149 essent

367 1178 401 1205 e.
432 1179 468 1217 q.
500 1179 530 1206 s.

241 1240 277 1265 ν.
294 1226 370 1265 754
389 1238 469 1277 sq.:

369 1289 466 1327 illud
501 1290 603 1328 enim
634 1290 739 1330 falsa
767 1291 894 1329 fertur
921 1291 1093 1342 ratione,
1124 1292 1230 1342 quod
1258 1292 1368 1331 aiunt

367 1351 632 1391 immortalem
661 1352 830 1390 animam
858 1356 1007 1391 mutato
1038 1365 1206 1402 corpore
1234 1353 1352 1392 flecti.

240 1409 412 1461 denique
442 1424 583 1451 versus
611 1414 686 1452 776
714 1424 820 1463 sqq:

362 1473 570 1523 „Denique
602 1475 774 1513 conubia
802 1474 852 1512 ad
879 1474 1052 1513 Veneris
1079 1478 1298 1524 partusque
1326 1474 1499 1512 ferarum

363 1545 454 1572 esse
484 1535 635 1573 animas
663 1538 801 1584 presto
831 1535 1090 1573 deridiculum
1119 1546 1211 1574 esse
1240 1534 1409 1584 videtur,

365 1599 585 1643 expectare
614 1596 850 1634 immortalis
878 1595 1063 1634 mortalia
1088 1596 1264 1634 membra

359 1653 563 1693 innumero
593 1668 770 1704 numero,
800 1659 1036 1705 certareque
1063 1658 1411 1706 praepoperanter

360 1715 467 1754 inter
497 1728 542 1756 se
572 1724 674 1766 quae
703 1716 831 1766 prima
857 1716 1144 1767 potissimaque
1171 1716 1401 1757 insinuetur.

340 1776 514 1816 Primum
543 1777 700 1826 quidem
727 1776 872 1816 Cicero
905 1778 945 1815 in
966 1778 1126 1816 Tuscul.
1156 1778 1257 1828 disp.
1281 1778 1348 1816 lib.
1365 1778 1396 1827 I,
1416 1789 1503 1827 cap.
1518 1773 1629 1827 XVI,

240 1849 325 1886 par.
342 1837 412 1876 38:
448 1838 582 1887 „quod
616 1837 762 1877 litteris
799 1841 978 1884 constat,
1023 1838 1169 1889 inquit,
1204 1838 1459 1889 Pherecydes
1494 1837 1630 1889 Syrius

233 1898 400 1948 primum
429 1899 529 1938 dixit
558 1900 709 1938 animos
740 1911 830 1938 esse
859 1899 1056 1939 hominum
1084 1899 1350 1950 sempiternos
1379 1930 1388 1939 .
1416 1929 1425 1938 .
1454 1929 1463 1937 .

333 1960 452 1998 Hanc
472 1959 700 2009 opinionem
727 1959 942 2009 discipulus
965 1960 1050 2009 ejus
1070 1961 1325 2010 Pythagoras
1343 1960 1511 1998 maxime
1535 1972 1626 1999 con-

231 2020 402 2060 firmavit
430 2050 438 2059 .
469 2052 477 2060 .
508 2020 529 2039 ‘⁴
566 2023 606 2059 et
643 2032 729 2070 cap.
757 2019 889 2069 XVII,
916 2033 1002 2070 par.
1024 2021 1092 2060 39:
1112 2019 1367 2071 x„Platonem
1400 2021 1550 2071 ferunt,
1584 2025 1628 2061 ut

231 2081 510 2131 Pythagoreos
554 2085 841 2131 cognosceret,
884 2081 923 2118 in
963 2081 1120 2119 Italiam
1154 2082 1312 2119 venisse
1352 2086 1393 2119 et
1433 2083 1625 2122 didicisse

232 2140 489 2193 Pythagorea
509 2142 651 2192 omnia,
678 2141 922 2193 primumque
952 2142 1002 2181 de
1031 2141 1517 2191 animorum-aeternitate
1545 2155 1625 2182 non

230 2204 357 2242 solum
394 2204 570 2243 sensisse
598 2204 705 2242 idem
732 2203 838 2253 quod
868 2202 1149 2253 Pythagoram,
1179 2203 1250 2243 sed
1277 2204 1473 2243 rationem
1505 2205 1624 2244 etiam

230 2263 415 2304 attulisse
428 2264 462 2314 ;“
491 2263 731 2304 Plutarchus
759 2263 799 2303 in
828 2263 932 2315 plac.
953 2263 1045 2315 phil.
1066 2264 1134 2304 lib.
1154 2264 1225 2315 IV,
1245 2275 1276 2303 c.
1296 2264 1337 2303 7:
1373 2262 1622 2317 ,,Πυθαγόρας,

227 2325 382 2364 Πλάτων
414 2323 600 2376 ἄφθαρτον
627 2325 712 2364 εἶναι
739 2326 802 2376 τὴν
829 2327 970 2377 φυχὴν·
1007 2326 1165 2368 ἐξιοῦσαν
1190 2325 1258 2375 γὰρ
1286 2325 1337 2366 εἰς
1362 2327 1426 2376 τὴν
1450 2328 1514 2364 τοῦ
1539 2341 1621 2365 παν-

224 2386 286 2428 τὸς
322 2387 441 2439 ψυχὴν
477 2386 675 2438 ἀναχωρεῖν
706 2386 795 2439 πρὸς
829 2387 870 2424 τὸ
907 2386 1092 2438 ὁμογενές,
1127 2386 1360 2428 Alexander
1392 2386 1622 2438 Polyhistor

229 2463 292 2499 ap.
321 2450 440 2499 Diog.
468 2449 581 2494 VIII,
597 2449 666 2488 25:
696 2447 825 2498 (Πυθ.)
853 2448 1031 2485 ἀθάνατόν
1064 2445 1087 2485 τ’
1119 2446 1204 2485 εἶναι
1231 2448 1341 2498 αὐτὴν
1365 2450 1444 2498 (τὴν
1472 2450 1618 2500 ψυχὴν),

227 2509 419 2560 ἐπειδήπερ
446 2507 504 2546 καὶ
530 2507 571 2546 τὸ
600 2506 654 2560 ἀφ’
687 2508 729 2547 οὗ
758 2508 981 2547 ἀπέσπασται
1008 2507 1187 2546 ἀθάνατόν
1215 2507 1324 2549 ἐστι.“
1377 2508 1519 2548 Nonne
1546 2509 1617 2559 igi-

222 2575 287 2610 tur
313 2570 544 2619 Lucretius,
580 2575 794 2621 postquam
821 2571 1022 2621 prioribus
1049 2570 1233 2609 versibus
1259 2570 1378 2609 Ennii
1406 2570 1617 2620 opiniones

220 2631 428 2683 exposuit,
462 2632 645 2672 versibus
679 2633 797 2672 modo
835 2632 969 2670 citatis
998 2631 1255 2682 communiter
1282 2626 1616 2681 et‘Pythagorae,

228 2705 344 2745 quem
379 2693 569 2747 imprimis
603 2695 671 2734 ille
701 2694 896 2745 sequitur,
931 2698 972 2733 et
996 2693 1182 2734 Platonis
1210 2693 1432 2734 doctrinam
1458 2692 1618 2732 videtur
