1804 2936
864 125 915 165 24

160 233 168 243 ‘
192 245 371 297 graviter
400 246 541 287 solitus
570 251 633 286 est
659 247 804 286 invehi.
852 248 994 298 ltaque
1014 249 1100 299 jam
1127 248 1240 286 initio
1270 247 1353 298 ejus
1382 247 1600 297 carminis,-

188 308 254 346 ubi
288 308 592 358 primordiorum
628 308 713 347 sive
752 312 972 360 atomorum
1006 315 1147 348 natura
1184 310 1438 359 explanatur,
1480 309 1581 346 haec

189 368 379 419 legimus:
489 407 492 412 ,

242 429 414 478 (l,635):
443 428 558 479 „Qua
585 432 753 478 propter
781 430 847 478 qui
875 431 1079 469 materiem
1113 443 1243 468 rerum
1272 443 1362 469 esse
1390 433 1582 479 putarunt

436 490 577 540 Ignem
605 495 724 539 atque
749 502 799 527 ex
826 490 909 538 igni
938 502 1126 529 summam
1154 491 1375 529 consistere
1405 490 1505 538 solo,

440 550 590 601 Magno
620 563 745 601 opere
773 562 796 589 a
822 563 919 590 vcra
945 550 1049 601 lapsi
1074 550 1232 589 ratione
1262 551 1458 589 videntur.

434 611 667 651 Heraclitus
695 612 769 649 init
796 625 959 661 quorum
986 613 1063 650 dux
1091 613 1250 662 proelia
1278 612 1439 661 primus,

435 671 578 710 Clarus
608 673 658 709 ob
691 673 904 710 obscuram
932 673 1105 721 linguam
1133 672 1260 721 magis
1284 672 1390 711 inter
1418 673 1547 711 inanis

435 732 613 779 Qua-mdc
634 732 769 782 gravis
791 733 896 771 inter
910 732 1068 781 Graios,
1092 733 1155 782 qui
1171 744 1268 771 vera
1280 735 1487 783 requirunt
1502 732 1579 771 et.“

191 797 232 830 et
258 792 394 842 paullo
424 797 536 842 post:

239 853 408 901 (1,660):
437 853 609 902 „Dicere
637 866 759 906 porro
788 854 919 904 ignem
946 867 1012 893 res
1033 855 1159 893 omnis
1181 867 1285 899 esse,
1312 866 1443 904 neque
1463 854 1580 891 ullam

433 926 517 951 rem
544 926 679 952 veram
705 915 743 953 in
772 927 934 952 numero
960 927 1091 952 rerum
1119 919 1306 954 constare
1332 913 1408 951 nisi
1436 914 1580 963 iguem,

437 974 543 1025 quod
562 974 661 1013 facit
681 974 744 1012 hic
766 975 883 1025 idem,
904 975 1144 1025 perdelirum
1160 988 1251 1015 esse
1267 974 1581 1015 videtu1·.‘·-—ct.

186 1034 360 1083 Reliqua
387 1046 467 1072 non
496 1035 623 1073 minus
652 1037 798 1073 acerbe
828 1036 877 1073 de
899 1036 1110 1075 Heraclito
1140 1038 1248 1075 (licta
1277 1039 1328 1085 (v.
1345 1036 1376 1085 1,
1391 1035 1580 1085 700sqq.)

190 1098 463 1143 transeamus,
498 1098 541 1132 ut
569 1096 809 1133 sententiam
838 1095 925 1144 ejus
954 1108 977 1134 a
1003 1097 1189 1135 Lucretio
1218 1098 1379 1135 allatam
1408 1100 1580 1134 contem-

186 1154 352 1203 plemur.
406 1154 517 1192 Dixit
544 1155 703 1205 quidem
723 1155 1007 1205 philosophus:
1040 1155 1204 1207 [κόσμος]
1235 1156 1278 1207 ἦν
1297 1156 1352 1194 ἀεὶ
1381 1155 1438 1193 καὶ
1469 1154 1580 1204 ἔσται,

186 1216 255 1265 πῦρ
276 1214 437 1265 ἀείζωον,
466 1214 664 1265 ἁπτόμενον
693 1215 804 1266 μέτρα
822 1216 880 1253 καὶ
907 1216 1211 1267 ἀποσβεννύμενον
1231 1216 1343 1267 μέτρα
1358 1216 1515 1266 (fragm.
1531 1215 1579 1253 27

184 1275 399 1325 Mussach),
429 1276 531 1314 sive:
569 1278 637 1326 πῦρ
673 1274 760 1314 εἶναι
796 1279 971 1327 στοιχεῖον
999 1277 1056 1315 καὶ
1083 1276 1194 1327 πυρὸς
1221 1276 1369 1328 ἀμοιβὴν
1397 1274 1442 1313 τὰ
1468 1275 1581 1313 πάντα

187 1335 360 1385 ἀραιώσει
377 1337 434 1373 καὶ
451 1336 630 1375 πυκνώσει
647 1335 826 1387 γινόμενα.
846 1338 980 1388 (Diog.
997 1338 1212 1387 Laert.lX,
1225 1339 1279 1386 8).
1308 1337 1433 1384 Quam
1452 1335 1580 1386 ἀραίω-

186 1410 238 1433 σιν
266 1400 308 1434 et
330 1396 508 1435 πύκνωσιν
534 1398 746 1436 Lucretius
774 1398 834 1436 his
864 1402 1016 1435 tantum
1043 1399 1176 1437 verbis
1206 1396 1537 1446 circumscripsit:

290 1458 469 1507 (I‚647):
508 1457 579 1508 [nil
604 1459 824 1508 prodesset
851 1458 971 1509 enim]
1010 1459 1181 1497 calidum
1210 1458 1421 1497 denserier
1447 1457 1582 1507 ignem

185 1518 259 1566 (-..-
280 1517 383 1568 ignis
411 1523 571 1569 coetus,
600 1519 693 1569 666)
719 1532 796 1558 nee
823 1532 913 1558 rare
941 1518 1104 1570 fieri19).
1147 1541 1195 1547 —
1238 1518 1393 1558 Deinde
1424 1517 1457 1557 si
1485 1529 1583 1556 vera

184 1578 310 1619 tradit
336 1578 574 1619 Plutarchus
600 1593 717 1629 quum
748 1581 864 1621 dicit:
890 1578 953 1621 Ὡς
977 1578 1211 1631 Ἡράκλειτος
1238 1578 1353 1628 ἔλεγε,
1382 1577 1493 1629 πυρὸς
1515 1577 1581 1616 eoi-

184 1652 287 1681 νατος
314 1638 392 1691 ἀέρι
417 1639 551 1690 γένεσις
577 1640 635 1678 καὶ
662 1640 767 1691 ἀέρος
802 1641 957 1683 θάνατος
984 1641 1084 1679 ὕδατι
1108 1640 1240 1690 γένεσις
1264 1655 1296 1678 κ.
1325 1654 1356 1680 τ.
1386 1641 1418 1678 λ.
1447 1640 1580 1690 (frgm.

184 1701 246 1739 31.
265 1701 350 1748 M.)‚
378 1705 488 1740 reete
518 1701 638 1739 etiam
664 1701 875 1755 Lueretius
907 1703 956 1740 de
982 1702 1227 1740 Heracliteis
1262 1702 1456 1751 loquiturt

236 1761 407 1811 (1,782)=
437 1760 541 1807 Quin
572 1761 693 1799 etiam
719 1764 912 1811 repetunt
940 1774 963 1798 a
992 1762 1107 1800 coelo
1136 1766 1257 1812 atque
1285 1762 1446 1812 ignibus
1476 1761 1562 1811 ejus

433 1825 475 1860 et
502 1821 669 1872 primum
697 1822 851 1860 faciunt
877 1821 1009 1872 ignem
1040 1834 1083 1860 se
1110 1826 1270 1861 vertere
1298 1822 1339 1860 in
1368 1833 1486 1860 auras

437 1882 556 1929 aeris,
584 1882 677 1919 hinc
704 1882 870 1919 imbrem
899 1882 1011 1932 gigni
1039 1886 1266 1931 terramque
1292 1883 1421 1920 creari

432 1954 484 1980 ex
510 1941 638 1991 imbri,
671 1946 861 1991 retroque
891 1953 916 1979 a
941 1945 1051 1981 terra
1080 1947 1224 1981 cuneta
1249 1942 1399 1981 reverti

432 2014 608 2040 umorem
636 2002 814 2051 primum,
844 2007 940 2052 post
967 2003 1071 2052 a'era,
1098 2004 1243 2042 deinde
1274 2002 1460 2051 calorem,

432 2074 507 2100 nec
537 2074 703 2102 cessare
731 2063 832 2101 haee
860 2063 967 2101 inter
995 2075 1038 2101 se
1067 2067 1232 2113 mutare,
1260 2076 1397 2101 meare

434 2135 458 2161 a
486 2123 601 2161 eaelo
629 2123 682 2161 ad
707 2127 866 2172 terram,
896 2124 945 2162 de
973 2128 1085 2162 terra
1114 2126 1163 2162 ad
1193 2124 1330 2163 sidera
1356 2123 1529 2161 mundi.“

292 2182 374 2222 Sed
402 2177 466 2222 est
491 2183 532 2221 in
560 2183 792 2233 fragmento
823 2185 992 2233 quodam
1023 2184 1101 2223 alio
1129 2184 1209 2231 128.
1229 2185 1320 2231 M.):
1349 2184 1485 2233 ,,πυρὸς
1502 2196 1579 2234 τρο-

185 2244 248 2282 παὶ
281 2247 422 2294 πρῶτον
450 2243 641 2291 θάλασσα,
681 2244 869 2293 θαλάσσης
896 2244 937 2281 δὲ
973 2244 1013 2281 τὸ
1042 2244 1104 2293 μὲν
1131 2245 1239 2294 ἥμισυ
1266 2247 1312 2293 γῆ
1339 2244 1381 2280 τὸ
1408 2243 1449 2281 δὲ
1475 2243 1581 2293 ἥμισυ

187 2303 376 2355 πρηστήριι
406 2325 449 2331 -—
481 2304 521 2341 in
543 2303 623 2341 alio
650 2304 833 2354 ‹59.M.):
863 2307 981 2356 ψυχῆς
999 2305 1156 2345 θάνατος
1174 2304 1270 2355 ὕδωρ
1288 2303 1463 2354 γενέσθαι,
1483 2303 1583 2342 ὕδατι

188 2364 228 2401 δὲ
257 2365 412 2404 θάνατος
436 2362 503 2414 γῆν
531 2365 714 2413 γενέσθαι·
756 2366 796 2403 ἐκ
822 2368 888 2414 γῆς
921 2366 962 2402 δὲ
996 2366 1093 2415 ὕδωρ
1124 2365 1271 2414 γίνεται,
1314 2364 1353 2405 ἐξ
1385 2363 1513 2404 ὕδατος
1540 2364 1581 2401 δὲ

187 2424 314 2474 ψυχή)
341 2429 382 2462 et
410 2426 635 2463 accuratius
656 2427 760 2475 apud
774 2426 998 2475 Diogenem
1011 2425 1213 2463 Laertium
1241 2425 1402 2474 (]X‚9):
1430 2425 1580 2461 πυκνού-

273 2514 314 2553 ¹⁰)
335 2513 420 2545 Inde
443 2514 470 2554 1,
488 2514 567 2548 654:
593 2515 692 2547 densi
716 2515 853 2557 rarique
877 2515 986 2555 ignes.

277 2565 330 2603 ²‘')f
344 2557 464 2605 ψυχή,
496 2565 608 2596 anima
629 2574 692 2606 pro
718 2565 791 2605 igni
814 2564 931 2605 positu
954 2566 1019 2595 est.
1052 2574 1082 2597 v.
1104 2564 1227 2602 Zeller,
1250 2563 1426 2597 Philome.
1444 2563 1582 2597 Griech,

191 2613 281 2653 185⁶,
302 2613 330 2646 Ι.
353 2623 410 2656 pg.
423 2613 494 2648 400.
