1804 2936
873 155 925 195 22

206 272 588 325 retinentia“¹⁷)
615 275 639 313 i.
669 287 703 314 e.
729 276 975 328 recordatio,
1002 279 1221 318 memoria?
1249 279 1382 328 (Lucr.
1404 280 1476 330 ΙΙΙ,
1494 281 1601 332 674).

206 334 382 384 Deinde,
411 339 454 373 ut
482 337 708 377 accuratius
739 338 893 377 animae
925 339 1102 391 explicet
1133 341 1437 392 mortalitatem,
1477 347 1601 393 poeta

208 395 330 436 dicit:

331 471 455 510 „ergo
484 459 653 500 dissolvi
681 472 839 511 quoque
868 462 1058 502 convenit
1085 474 1238 502 omnem
1266 464 1449 504 materiai

328 524 522 571 naturam,
553 533 624 561 ceu
653 522 791 572 fumus,
819 523 860 561 in
888 524 991 564 altas
1020 523 1125 563 aeris
1156 535 1293 573 aures3

330 581 653 631 quandoquidem
681 583 792 634 gigni
819 585 974 634 pariter
993 584 1225 635 pariterque
1253 585 1431 624 videmus

331 653 516 681 crescere
544 647 596 692 et,
625 650 669 682 ut
695 644 825 692 docui,
856 645 969 683 simul
998 639 1099 683 aevo
1127 644 1240 682 fessa
1266 643 1399 683 fatisci
1425 644 1501 672 --“

203 701 390 750 (111‚455
418 702 470 740 cf.
489 702 586 742 417:
633 704 858 753 „nativos
888 705 1155 744 animantibus
1183 708 1225 743 et
1251 703 1477 743 mortalis
1505 716 1596 744 esse

203 762 356 802 animos
385 763 619 812 animasque
647 763 779 811 levis),
809 768 849 802 et
875 765 1009 814 paullo
1037 768 1151 804 ante:

325 828 392 871 „et
420 823 568 862 nebula
597 835 645 862 ac
673 823 798 864 fumus
828 826 1014 875 quoniam
1042 826 1216 865 discedit
1241 826 1282 864 in
1311 838 1443 875 auras,

324 884 444 921 crede
476 884 643 922 animam
673 897 831 935 quoque
861 886 1027 924 diffundi
1054 885 1257 937 multoque
1286 886 1420 935 perire

325 944 437 984 ocius
466 949 507 984 et
534 946 649 984 citius
678 946 846 985 dissolvi
873 946 914 984 in
942 958 1115 997 corpora
1140 946 1279 997 prima,

325 1017 413 1043 cum
441 1007 567 1044 semel
596 1019 647 1045 ex
673 1006 843 1045 hominis
871 1007 1057 1045 membris
1085 1007 1224 1046 ablata
1250 1007 1461 1046 recessit.“

199 1065 419 1116 (111,436);
447 1070 527 1105 tum
555 1079 672 1107 vcro:
701 1089 750 1094 —
779 1067 922 1117 „copia
950 1071 1065 1106 tanta
1093 1067 1238 1106 animai

384 1127 605 1175 „dilaniata
632 1128 743 1166 foras
773 1127 1029 1177 dispargitur,
1057 1127 1196 1166 interit
1222 1128 1348 1177 ergo“

197 1186 442 1237 (111‚535sq.
463 1187 703 1238 cf.111‚500:
732 1187 888 1237 „divisa
907 1200 1086 1227 seorsum
1105 1187 1371 1237 disiectatur),
1400 1188 1592 1238 deniquez

196 1247 328 1285 anima
355 1260 434 1285 non
465 1248 583 1286 modo
619 1249 675 1287 ita
709 1248 865 1296 interit,
906 1252 949 1286 ut
975 1248 1111 1296 „foras
1137 1251 1272 1286 manet
1291 1277 1300 1286 .
1317 1277 1326 1286 .
1344 1278 1352 1286 .
1378 1260 1453 1298 per
1480 1252 1591 1287 artus

195 1319 347 1357 perque
376 1307 560 1346 viarum
589 1309 743 1347 omnis
770 1309 958 1357 flexus,
989 1308 1027 1346 in
1058 1320 1229 1358 corpore
1260 1309 1326 1358 qui
1353 1312 1443 1349 sunt
1471 1313 1591 1360 atque

197 1368 466 1407 foramina“
495 1369 783 1418 (Lcr.111,585
795 1372 894 1419 sq.),
924 1370 997 1408 sed
1023 1370 1098 1419 ita,
1127 1372 1171 1407 ut
1198 1369 1264 1418 „in
1293 1373 1406 1408 certa
1433 1382 1504 1409 sua
1530 1382 1590 1408 re-

195 1428 316 1478 gione
347 1429 487 1467 eodem
514 1430 634 1468 modo
664 1430 835 1479 deficiat,
864 1443 942 1480 quo
970 1430 1008 1468 in
1036 1442 1105 1469 sua
1128 1429 1294 1480 quisque
1315 1433 1429 1480 parte
1450 1442 1590 1470 sensus
1614 1477 1617 1479 v

196 1488 453 1529 dissolvitur“
482 1490 577 1540 (610
591 1492 680 1541 sq.)
734 1492 795 1530 De
820 1492 960 1530 eadem
978 1503 1023 1530 re
1043 1489 1189 1529 Sextus
1209 1490 1323 1541 Emp
1350 1491 1459 1539 (adv
1477 1491 1589 1541 phys

197 1550 274 1600 IX,
296 1552 334 1600 §-
351 1552 418 1601 72)
452 1552 529 1591 hoc
557 1556 708 1592 tantum
736 1552 854 1592 dicit:
882 1552 917 1589 αἱ
942 1552 1070 1603 ψυχαὶ,
1100 1552 1150 1593 ὥς
1173 1550 1297 1602 ἔλεγεν
1324 1552 1344 1590 ὁ
1367 1548 1410 1589 F
1394 1565 1588 1603 πικουρος,

193 1610 429 1651 ἀπολυθεῖσαι
454 1614 525 1651 τῶν
553 1614 736 1663 σωμάτων
763 1615 898 1650 καπνοῦ
923 1614 1021 1664 δίκην
1049 1612 1259 1651 οκίδνανται.

296 1672 428 1712 Poros
465 1677 598 1712 autem
633 1685 703 1713 seu
738 1678 913 1722 meatus,
949 1677 993 1712 ut
1019 1674 1077 1712 ita
1104 1674 1252 1723 dicam,
1288 1674 1487 1724 corporis,
1516 1686 1589 1724 per

196 1735 562 1784 quos-moribunda
594 1735 666 1774 illa
699 1735 829 1774 anima
863 1735 1020 1783 avolat,
1061 1735 1272 1774 Lucretius
1300 1746 1388 1773 cum
1425 1735 1586 1785 „fora-

193 1796 341 1845 mina,
375 1795 669 1844 intervalla,
698 1795 834 1834 vias“
862 1795 1043 1845 appellat
1073 1795 1258 1844 (11‚386,
1293 1795 1477 1843 111,588,
1517 1795 1586 1843 IV,

194 1855 284 1896 601.
301 1855 389 1901 894,
428 1855 499 1906 VI,
516 1856 627 1906 1030,
668 1856 738 1905 IV,
753 1855 847 1896 6502
894 1855 1134 1906 „intervalla
1161 1856 1347 1906 viaeque,
1393 1855 1589 1894 foramina

195 1928 297 1965 quae
321 1916 631 1968 perhibemus“),
660 1921 739 1956 tum
759 1917 928 1956 maxime
957 1916 1181 1966 ‚,caulas“
1210 1917 1279 1965 (II,
1295 1915 1383 1964 951,
1410 1915 1483 1964 III,
1498 1915 1586 1955 255.

194 1976 280 2015 702.
297 1977 383 2016 707.
418 1976 489 2027 IV,
504 1978 592 2028 620,
608 1978 696 2017 660.
732 1977 802 2026 VI,
815 1978 903 2017 492.
918 1978 1024 2027 839).
1095 1976 1176 2015 Per
1213 1988 1311 2027 quas
1347 1976 1486 2015 caulas
1520 1976 1587 2015 ubi

194 2037 325 2076 anima
353 2038 517 2076 dimissa
544 2042 613 2076 est
634 2050 780 2090 corpus
808 2039 958 2078 sentire
987 2039 1154 2079 desinit:

242 2102 310 2146 „at
337 2098 503 2136 dimissa
530 2099 661 2136 anima
688 2110 833 2147 corpus
863 2103 974 2137 caret
999 2100 1173 2148 undique
1204 2111 1344 2139 sensu:

312 2158 447 2209 perdit
475 2159 579 2198 enim
607 2159 715 2210 quod
741 2171 823 2199 non
850 2160 1054 2210 proprium
1081 2160 1158 2199 fuit
1185 2159 1269 2199 eius
1295 2159 1336 2198 in
1365 2172 1479 2210 aevo,

311 2216 500 2271 nullaque
525 2225 740 2271 praeterea
766 2221 912 2270 perdit,
941 2234 1058 2271 quom
1084 2222 1299 2272 expellitur
1325 2221 1465 2261 aevo.“

186 2279 370 2329 (111,356
388 2282 476 2329 =):
518 2279 785 2333 ἀπαλλαγείσης
817 2284 882 2331 τῆς
916 2284 1034 2332 ψυχῆς
1069 2280 1135 2320 οὐκ
1170 2280 1249 2333 ἔχει
1284 2280 1344 2331 (τὸ
1372 2282 1495 2333 σῶμα)
1521 2283 1584 2334 τὴν

190 2340 349 2393 αἴσθησιν
375 2342 423 2383 D.
438 2343 483 2383 L.
498 2342 549 2392 X,
565 2343 626 2383 64.

292 2404 405 2451 Quae
435 2417 552 2455 quum
579 2404 636 2442 ita
665 2405 745 2443 sint

240 2465 333 2514 „nil
360 2466 518 2516 igitur
545 2478 673 2506 mors
696 2468 784 2515 est,
814 2465 874 2503 ad
892 2478 979 2504 nos
997 2477 1155 2515 neque
1175 2467 1403 2516 pertinet
1421 2468 1579 2517 hilum,

239 2528 562 2578 quandoquidem
590 2531 734 2566 natura
762 2526 880 2564 animi
908 2527 1086 2566 mortalis
1115 2528 1310 2566 habetur“

272 2618 312 2653 Ι’)
336 2618 566 2656 Annotamus,
589 2617 793 2651 vocabulum
819 2616 1039 2654 „retinentiast
1064 2618 1201 2650 omnino
1225 2618 1468 2651 Lucretianum
1491 2629 1578 2656 esse.

182 2667 258 2710 4111,
276 2668 338 2702 675
360 2671 395 2700 et
416 2669 481 2708 111,
496 2669 553 2702 851
581 2670 625 2702 cf.
647 2669 902 2704 Lachmannum
917 2668 959 2700 de
977 2668 1041 2705 hoc
1058 2670 1134 2702 loco
1151 2669 1408 2714 disserentem),
