1804 2936
821 182 872 223 23

148 307 261 356 (Luc.
278 306 350 358 III,
365 303 441 346 830
456 304 553 356 sq.):
582 302 601 341 ὃ
622 303 775 346 θάνατος
802 304 905 342 οὐδὲν
933 304 1021 356 πρὸς
1046 304 1140 356 ἡμᾶς
1167 302 1439 355 D.L.X,124;
1464 303 1534 343 bo-

147 384 239 410 num
264 369 368 410 enim
395 379 510 406 omne
538 379 586 405 ac
614 366 766 415 malum,
798 370 842 405 ut
867 366 964 405 dicit
986 366 1199 416 Epicurus,
1233 367 1275 404 in
1303 378 1425 406 sensu
1452 369 1528 414 est,

150 443 290 473 sensus
331 431 462 468 autem
500 428 669 479 privatio
704 440 810 467 mors
843 430 907 466 est
942 430 984 465 et
1017 428 1122 478 quod
1150 428 1386 468 dissolutum
1414 438 1536 466 sensu

150 497 261 534 caret
287 491 383 530 nihil
411 491 462 529 ad
487 502 575 529 nos.
613 487 698 540 (πᾶν
726 488 863 538 ἀγαθὸν
889 487 947 526 καὶ
972 490 1077 526 κακὸν
1106 488 1141 527 ἐν
1168 488 1343 539 αἰσθήσει,
1372 488 1534 540 στέρησις

149 552 176 592 δ’
204 552 295 591 ἐστὶν
325 550 530 602 αἰσθήσεως
556 550 575 587 ὁ
602 550 769 589 θάνατος.
784 571 834 576 -
853 548 893 586 τὸ
919 547 988 598 γὰρ
1006 549 1174 587 διαλυθὲν
1193 549 1406 600 ἀναισθητεῖ,
1433 550 1474 587 τὸ
1493 548 1535 586 δὲ

148 613 382 663 ἀναισθητοῦν
416 611 521 649 ουδὲν
556 612 644 661 πρὸς
676 610 783 660 ἡμᾶς.
809 610 857 647 D.
872 609 918 647 L.
933 608 985 661 X,
1002 610 1075 648 124
1101 614 1143 649 et
1171 609 1280 648 Sext.
1315 610 1532 660 „Pyrrhon.

146 674 335 723 hypotyp
354 671 427 710 ΙΠ
446 671 515 720 24,
537 673 575 720 ξ.
596 670 703 719 229).
769 669 940 708 Accedit
966 669 1117 719 quod,
1122 668 1217 719 ,ὅταν
1245 670 1308 718 μὲν
1336 669 1355 706 ὁ
1382 669 1535 709 θάνατος

147 735 264 783 παρῇ,
307 728 381 769 τόθ’
409 731 512 781 ἡμεῖς
536 730 602 768 οὐκ
629 730 753 781 ἐσμὲν,
801 729 886 767 ὅταν
913 730 955 767 δὲ
981 729 1080 779 ἡμεῖς
1108 730 1221 778 ὦμεν,
1265 730 1285 766 ὁ
1312 730 1465 770 θάνατος
1490 728 1533 767 οὐ

147 794 331 844 πάρεστινε
358 792 494 841 itaque
518 791 692 841 jucunda
716 791 833 830 nobis
863 790 1033 829 efficitur
1058 790 1161 829 vitae
1179 790 1401 829 mortalitas
1428 789 1533 836 (ἀπο-

149 852 302 891 λαυστὸν
328 853 479 890 ποιεῖται
501 851 542 889 τὸ
570 854 634 901 τῆς
660 854 758 901 ζωῆς
781 851 926 902 θνητόν)
960 852 1350 901 immortalitatisque
1379 851 1533 889 deside-

147 913 245 953 rium
272 913 311 963 (ὁ
338 915 402 964 τῆς
428 911 621 954 ἀθανασίας
646 910 778 963 πόθος)
806 913 997 953 aufertur.
1025 912 1072 952 D.
1087 911 1197 962 L.X‚
1213 911 1299 950 124.

649 1104 928 1155 Particula
959 1105 1034 1154 Π.

146 1203 204 1251 De
237 1203 404 1252 aliorum
437 1204 761 1268 philosophorum
789 1220 891 1269 quae
920 1206 1026 1268 apud
1048 1204 1274 1254 Lucretium
1289 1203 1536 1266 [Epicureum

345 1279 540 1323 occurunt
571 1276 779 1324 sententiis
811 1276 1095 1339 vocabulisque
1128 1274 1337 1323 technicis.

250 1386 469 1436 Postquam
498 1389 630 1438 capite
656 1390 791 1439 priore
805 1389 1030 1439 Epicureae
1057 1389 1337 1438 philosophiae
1364 1387 1534 1425 maxime

144 1457 246 1496 quae
289 1448 393 1498 apud
433 1447 659 1488 Lucretium
698 1450 952 1489 inveniuntur
992 1450 1214 1489 sententias
1236 1448 1531 1499 '‘vocabulaque

142 1506 330 1546 technica
356 1511 703 1560 pertractavimus,
730 1523 834 1550 nunc
860 1512 998 1561 placet
1024 1522 1095 1549 eos
1123 1511 1388 1550 Lucretianos
1415 1510 1530 1549 locos

144 1568 331 1618 scrutari,
377 1570 518 1620 quibus
560 1571 726 1611 aliorum
769 1571 1095 1635 philosophorum
1135 1571 1287 1623 placita
1327 1581 1532 1622 vocesque

141 1628 350 1668 technicae
378 1631 444 1669 vel
470 1632 561 1682 ipsa
588 1633 808 1671 afferuntur
833 1633 899 1671 vel
915 1620 1059 1672 'tamen
1088 1633 1466 1684 circumspiciuntur.

243 1690 484 1731 Nominatim
511 1693 667 1743 quidem
691 1700 856 1744 praeter
883 1692 1096 1744 Epicurum
1120 1694 1330 1734 Lucretius
1349 1693 1529 1733 Heracli-

141 1753 222 1789 tum
254 1755 404 1791 tantum
432 1755 481 1803 (Ι,
497 1754 601 1805 638),
636 1755 924 1804 Empedoclem
950 1756 1082 1804 (716),
1111 1757 1396 1805 Anaxagoram
1421 1755 1529 1803 (830.

142 1812 256 1862 876),
298 1812 567 1853 Democritum
594 1815 685 1866 (HI,
704 1815 791 1854 371.
813 1815 924 1853 1039.
952 1815 1002 1865 V,
1023 1815 1135 1865 622),
1176 1815 1344 1854 Ennium
1369 1819 1531 1866 poetam

142 1872 191 1922 (Ι,
212 1873 299 1913 117.
320 1874 412 1925 121)
440 1875 640 1926 appellat;
681 1876 754 1916 sed
781 1876 964 1927 saepius,
1005 1876 1159 1916 etiamsi
1185 1877 1346 1916 nomina
1372 1875 1530 1915 deside·

141 1938 299 1983 rantur,
339 1939 473 1975 tamen
505 1949 550 1975 re
582 1937 674 1987 ipsa
706 1937 928 1977 videbimus
955 1937 1216 1988 philosophos
1245 1938 1439 1987 quosdam
1466 1937 1532 1976 de-

142 1996 286 2036 notari.

242 2057 288 2096 In
327 2058 404 2097 hac
447 2063 578 2098 autem
619 2060 874 2109 quaestione,
917 2072 1034 2109 quum
1073 2071 1204 2109 neque
1238 2060 1359 2099 facile
1396 2072 1527 2109 neque

140 2128 285 2167 magno
314 2129 399 2156 cum
428 2119 690 2158 emolumento
718 2120 818 2157 ordo
847 2131 979 2158 rerum
996 2120 1221 2170 divisioque
1248 2120 1528 2169 philosophica

139 2179 273 2229 possit
300 2180 471 2230 servari,
508 2181 698 2231 optimum
725 2181 900 2226 videtur,
933 2181 974 2219 in
1002 2181 1116 2220 locos
1144 2181 1234 2220 illos
1262 2181 1527 2221 Lucretiauos

139 2239 197 2277 ita
222 2240 444 2289 inquirere,
481 2246 525 2279 ut
551 2242 716 2290 primum
743 2242 793 2279 de
822 2242 912 2291 ipsa
940 2254 1069 2279 rerum
1096 2246 1257 2289 natura,
1301 2242 1447 2280 deinde
1476 2243 1526 2280 de

141 2299 273 2339 anima
298 2304 340 2340 et
365 2301 677 2351 immortalitate,
705 2306 788 2341 tum
815 2302 866 2341 de
887 2302 1084 2351 sensibus,
1113 2302 1283 2352 denique
1304 2303 1354 2342 de
1375 2303 1528 2342 sciendi

139 2361 296 2401 ratione
313 2355 542 2413 loquamur.
597 2362 706 2413 Ergo
731 2364 790 2401 ita
815 2367 1009 2402 nascatur
1035 2363 1252 2403 exordium.

241 2422 451 2463 Lucretius
481 2435 596 2474 quum
624 2422 823 2474 Epicurea
848 2424 1006 2463 ratione
1045 2424 1104 2462 ita
1129 2424 1167 2462 in
1196 2423 1378 2475 magistri
1403 2425 1529 2465 verba

136 2482 301 2534 juraret,
328 2490 372 2524 ut
398 2485 506 2524 nullo
534 2486 653 2524 modo
681 2485 758 2524 nisi
788 2485 1003 2524 secundum
1032 2485 1193 2535 Epicuri
1214 2485 1405 2535 dogmata
1422 2487 1527 2527 bene

138 2544 338 2596 beateque
366 2546 456 2585 vive
476 2557 600 2596 posse
619 2549 807 2585 censeret
821 2545 884 2597 ¹8),
914 2547 1230 2596 quotiescunque
1251 2547 1413 2587 occasio
1433 2548 1531 2588 data

140 2608 205 2644 est
242 2606 284 2645 in
326 2606 430 2645 alios
468 2606 731 2657 philosophos
772 2610 958 2658 tanquam
993 2619 1159 2658 prorsus
1192 2608 1299 2647 falsa
1331 2609 1527 2649 docentes

222 2697 265 2738 Ιυ)
286 2695 329 2729 cf.
351 2696 378 2737 1,
394 2696 524 2739 wsqq.
548 2696 703 2730 62-102.
723 2697 914 2737 111‚1—3o.
938 2697 1108 2737 v,1—56.
1131 2698 1193 2738 vr,
1213 2700 1321 2732 1-35.
