1804 2936
742 669 890 720 Πρῶτον
918 671 981 721 μὲν
1003 669 1064 709 οὖν
1091 670 1135 707 τὰ
1161 670 1428 721 ὑποτεταγμένα
1454 671 1534 718 τοῖς]

704 739 707 741 ’
744 731 914 782 φθόγγοις
945 733 1003 769 δεῖ
1025 731 1250 783 διειληφέναι,
1280 731 1378 772 ὅπως
1406 729 1449 768 ἂν
1476 731 1519 768 τὰ

745 792 962 843 δοξαζόμενα
988 792 1012 842 ἢ
1038 793 1237 843 ζητούμενα
1259 792 1283 843 ἢ
1311 793 1538 843 ἀπορούμενα

746 851 891 904 ἔχωμεν
919 853 968 894 εἰς
991 851 1084 892 ταῦτ’
1112 854 1298 904 ἀνάγοντες
1324 853 1507 905 ἐπικρίνειν

747 914 804 950 καὶ
833 916 882 963 μὴ
903 945 910 953 .
933 945 941 953 .
963 945 972 953 .
1002 915 1124 956 κενοὺς
1147 915 1329 966 φθόγγους
1352 913 1506 965 ἔχωμεν.

1093 974 1195 1015 Diog.
1217 974 1334 1006 Laert.
1356 974 1400 1012 X,
1412 973 1461 1006 37.

716 1135 995 1187 Particula
1027 1137 1071 1187 I.

236 1241 292 1288 De
325 1238 575 1302 philosophia
605 1238 801 1300 Epicurea
833 1243 874 1286 et
904 1239 1072 1286 maxime
1105 1238 1312 1286 vocabulis
1345 1238 1553 1286 technicis.

687 1341 739 1371 A.
778 1343 852 1371 De
876 1342 1092 1379 phy-leis.

301 1403 360 1440 De
402 1401 577 1452 physicis
621 1401 904 1451 Epicureorum
944 1402 1166 1440 rationibus
1208 1401 1315 1451 apud
1359 1401 1586 1439 Lucretium

200 1464 473 1513 disputaturus
500 1461 691 1511 proposui
710 1461 802 1499 mihi
822 1462 986 1510 primum
1007 1462 1232 1510 ostendere,
1262 1474 1376 1511 quam
1397 1465 1586 1500 accurate

198 1523 407 1561 Lucretius
442 1521 601 1571 Epicuri
637 1521 860 1559 doctrinam
895 1521 1184 1572 interpretatus
1213 1521 1281 1569 sit,
1316 1521 1462 1559 deinde
1489 1532 1585 1560 vero

201 1583 422 1621 sententias
451 1585 493 1619 et
518 1582 713 1619 vocabula
740 1582 925 1620 tcchnica
952 1583 1016 1620 vel
1044 1594 1278 1633 comparare
1308 1592 1393 1619 cum
1420 1581 1587 1620 vocibus

201 1642 367 1681 Graecis
394 1642 461 1680 vel
490 1642 592 1690 aliis,
621 1642 688 1679 ubi
716 1653 887 1681 necesse
918 1643 1003 1691 erit,
1033 1643 1232 1693 supplere.

302 1703 363 1741 Ac
399 1702 561 1752 primum
599 1703 756 1751 quidem
791 1702 905 1744 initio
941 1703 1054 1753 hujus
1083 1704 1277 1742 naturalis
1305 1703 1586 1753 philosophiae

198 1763 336 1814 partis,
368 1774 470 1812 quae
499 1765 625 1800 totam
653 1765 819 1801 naturae
849 1763 1167 1813 speculationem
1196 1763 1475 1814 complectitur
1502 1763 1586 1803 sive

199 1828 264 1862 est
300 1824 349 1861 de
386 1823 647 1873 generatione
684 1827 725 1860 ct
753 1825 1009 1874 corruptione
1039 1831 1079 1863 et
1105 1829 1250 1863 natura
1274 1825 1365 1874 ipsa
1393 1823 1526 1874 (Diog.
1542 1823 1587 1863 L.

197 1883 249 1933 X,
265 1883 352 1933 30),
385 1887 429 1921 ut
455 1884 671 1933 Epicurus:
706 1882 758 1920 ὅτι
790 1883 893 1920 οὐδὲν
926 1883 1057 1933 γίνεται
1094 1884 1135 1923 ἐκ
1162 1886 1224 1922 τοῦ
1252 1886 1300 1935 μὴ
1328 1883 1429 1925 ὄντος
1461 1884 1527 1934 (D.
1541 1884 1586 1923 L.

197 1943 249 1992 X,
264 1945 351 1992 38),
392 1944 450 1981 ita
475 1944 686 1982 Lucretius
720 1944 797 1982 hoc
831 1945 965 1993 ponst:
1004 1946 1173 1994 „nullam
1211 1958 1293 1984 rem
1318 1958 1339 1983 e
1367 1946 1447 1983 nilo
1477 1945 1589 1994 gigni

198 2004 385 2042 divinitus
421 2004 614 2053 unquam“
651 2003 794 2052 (I‚150
814 2004 875 2041 ed.
891 2004 1066 2052 Lachm.)
1102 2005 1294 2055 hujusque
1329 2005 1470 2054 placiti
1498 2016 1587 2043 cau-

198 2077 302 2105 sam:
337 2065 406 2101 πᾶν
433 2062 501 2114 γὰρ
530 2063 571 2101 ἐκ
597 2063 727 2105 παντὸς
754 2060 880 2113 ἐγένεῖ
912 2062 974 2109 ἂν,
1002 2064 1215 2114 σπερμάτων
1243 2063 1348 2102 οὐδὲν
1374 2063 1588 2116 προςδεόμε-

196 2138 256 2163 νον
284 2125 369 2175 (38)
397 2125 455 2163 sic
482 2125 620 2164 vertit:

385 2197 512 2234 „nam.
542 2186 576 2224 si
604 2186 654 2224 de
685 2185 766 2224 nilo
795 2185 947 2235 fierent,
977 2198 1027 2224 ex
1054 2184 1222 2224 omnibu'
1249 2186 1370 2224 rebus

385 2258 499 2284 omne
529 2259 654 2296 genus
682 2247 797 2300 nasci
825 2250 979 2296 posset,
1007 2247 1064 2284 nil
1091 2248 1240 2285 semine
1268 2246 1445 2296 egel-est,

198 2307 310 2345 addit
334 2311 494 2344 autem:

386 2396 395 2404 .
461 2396 470 2405 .
501 2396 508 2405 .
536 2370 739 2415 nequeunt
766 2378 817 2404 ex
845 2366 1026 2405 omnibus
1054 2367 1185 2405 omnia
1214 2367 1336 2417 gigni,

383 2426 490 2475 quod
517 2427 639 2464 certis
666 2426 708 2463 in
735 2426 856 2464 rebus
884 2426 991 2464 inest
1019 2430 1180 2465 secreta
1207 2426 1404 2464 facultas“
1432 2426 1463 2474 Ι,
1481 2426 1566 2464 172.

300 2485 430 2536 Idem,
464 2490 509 2525 ut
543 2486 708 2525 alterum
741 2485 839 2524 illud
866 2485 1101 2536 Epicureum
1127 2486 1293 2526 reddat:
1330 2484 1433 2523 οὐδὲν
1471 2484 1522 2526 εἰς
1547 2484 1589 2523 τὸ

198 2549 248 2599 μὴ
275 2546 325 2597 ὄν,
356 2547 470 2586 dicit:
544 2550 547 2552 ’

383 2634 392 2644 .
419 2637 428 2646 .
457 2635 465 2645 .
499 2635 507 2644 .
535 2607 630 2644 haut
655 2610 827 2656 possunt
855 2607 906 2644 ad
932 2606 1053 2643 nilum
1081 2618 1263 2656 quaeque
1289 2607 1440 2646 revorti
1467 2607 1497 2656 Ι,
1510 2606 1585 2645 237

197 2671 241 2707 et
267 2668 347 2706 alio
374 2668 487 2707 loco:

1323 2727 1343 2757 1
