1804 2936
0 2230 40 2249 'i

917 191 941 234 7

230 321 314 353 mus
343 309 400 364 (τὸ
427 311 617 365 ἐλάχιστον
642 311 683 351 τὸ
712 311 749 351 ἐν
776 314 824 365 τῇ
850 313 1012 367 αἰσθήσει
1036 316 1083 357 D.
1102 316 1147 357 L.
1166 317 1244 371 58),
1271 318 1394 369 longe
1422 317 1537 357 abest
1564 314 1615 356 ab

231 387 293 425 eo,
321 376 428 427 quod
453 387 498 414 re
526 388 622 415 vera
649 382 712 418 est
737 375 950 423 minimum:

414 437 541 476 omnis
570 439 671 476 enim
700 440 821 490 longe
848 430 999 477 nostris
1027 439 1077 477 ab
1106 441 1288 480 sensibus
1314 441 1419 479 infra

413 497 629 547 primorum
655 504 801 538 natura
826 500 958 538 iacet“
986 500 1094 548 (Lcr.
1108 500 1160 549 H,
1173 501 1280 549 312.)

331 558 685 599 Verumenimvero
706 561 987 600 concretiones
1012 560 1214 599 intereunt
1231 562 1297 599 vel
1321 562 1615 611 potius-dissol-

230 622 384 668 vuntur,
412 616 505 669 quia
533 632 619 658 cum
645 621 751 659 inani
781 621 1016 671 conjunctae
1047 626 1148 660 sunt.
1204 614 1389 667 Quamvis
1419 623 1520 660 enim

334 679 516 728 „solidae
545 692 610 718 res
640 693 731 720 esse
759 684 959 731 putentur,

333 739 424 777 hinc
450 743 583 778 tamen
611 753 702 780 esse
729 741 827 780 licet
852 754 965 781 raro
996 753 1092 779 cum
1123 753 1335 791 corpore
1366 742 1531 781 cernas“

229 800 487 851 (I‚347.330)
516 805 636 851 atque
664 802 705 840 in
733 801 912 843 omnibus
941 804 1071 851 rebus,
1101 814 1200 852 quas
1225 802 1413 851 videmus,

331 862 556 912 intervalla,
584 863 686 913 viae,
717 876 933 913 connexus,
961 863 1154 914 pondera,
1184 863 1341 913 plagae,

333 933 563 973 concursus,
593 928 735 974 motus,
769 925 880 975 ordo,
908 924 1098 974 positura,
1126 924 1277 975 figurae

333 997 419 1022 cum
446 989 737 1035 permutentur,
772 986 915 1023 mutari
941 997 1006 1022 res
1037 997 1194 1033 quoque
1222 986 1372 1022 debent
1400 985 1466 1033 (II,
1487 985 1615 1034 1020),

230 1056 331 1095 quae
358 1057 457 1084 vero
485 1049 685 1084 mutantur
712 1050 804 1086 sunt
830 1046 1026 1085 mortalia.
1080 1046 1222 1096 Itaque

365 1138 374 1146 .
395 1137 404 1146 .
427 1106 562 1156 „finita
591 1107 702 1147 simul
731 1108 955 1157 generatim
981 1111 1162 1157 tempora
1187 1109 1308 1147 rebus

337 1171 457 1216 stant,
485 1167 625 1217 quibus
653 1168 812 1217 possint
840 1169 928 1206 aevi
957 1168 1193 1218 contingere
1218 1167 1379 1206 florem“
1400 1189 1450 1194 —-

231 1228 277 1278 (Ι,
292 1227 577 1279 564=quibus
598 1229 802 1269 alescundi
824 1242 1011 1269 summum
1029 1233 1198 1280 tangunt·
1219 1242 1408 1269 cacumen
1426 1230 1476 1279 II,
1491 1229 1619 1280 1130),

230 1291 325 1328 inde
354 1291 523 1328 omnium
545 1302 674 1327 rerum
704 1291 949 1338 „minutatim
975 1291 1081 1328 vires
1111 1294 1153 1328 et
1179 1292 1302 1328 robur
1328 1291 1502 1328 adultum

331 1350 480 1400 frangit
507 1353 547 1389 et
572 1350 613 1388 in
641 1353 796 1401 partem
823 1352 1000 1402 peiorem
1025 1351 1188 1401 liquitur
1215 1350 1353 1390 aetas“
1398 1350 1616 1402 (II‚1131):

229 1411 286 1449 ita
312 1416 356 1449 ut
381 1423 446 1449 res
474 1423 612 1450 omnes

412 1471 582 1510 discidio
611 1473 781 1512 redeant
805 1474 852 1511 in·
874 1485 1046 1522 corpora
1071 1472 1256 1511 materiai
1282 1472 1331 1522 (Ι,
1346 1471 1453 1520 248).

229 1529 312 1569 Sed
408 1530 514 1579 „alid
542 1543 591 1570 ex
619 1532 698 1571 alio
725 1533 854 1572 reficit
880 1536 1022 1571 natura
1048 1545 1122 1571 nec
1148 1533 1270 1570 ullam

413 1603 496 1630 rem
522 1592 634 1643 gigni
661 1594 822 1644 patitur,
849 1594 927 1633 nisi
951 1597 1079 1633 morte
1108 1593 1245 1632 adiuta
1272 1592 1431 1631 aliena“
1457 1592 1616 1642 (1263).

329 1653 484 1692 Atomis
505 1656 647 1703 autem,
676 1666 697 1693 e
719 1655 859 1704 quibus
879 1655 1011 1693 omnia
1028 1655 1137 1703 fiunt,
1165 1654 1312 1704 triplex
1340 1656 1402 1692 est
1423 1653 1616 1702 qualitas:

226 1713 536 1763 magnitudo,
572 1714 798 1763 gravitas
832 1716 900 1763 (=
926 1715 1084 1764 pondus
1111 1714 1293 1762 Lucr.II,
1320 1713 1408 1752 218.
1423 1712 1527 1764 288),
1558 1714 1617 1752 fi-

228 1788 351 1827 gura
377 1776 445 1825 (=
471 1774 600 1814 forma
624 1774 675 1820 II,
702 1775 797 1826 334;
825 1775 928 1814 filum
949 1775 1001 1825 II,
1016 1775 1121 1824 331).
1174 1774 1242 1813 Ait
1270 1774 1372 1813 euim
1398 1774 1615 1825 Epicurus:

161 1838 169 1843 ’
227 1835 292 1877 τὰς
330 1835 486 1885 ἀτόμους
518 1835 697 1885 νομιστέον
729 1836 902 1886 μηδεμίαν
935 1835 1108 1886 ποιότητα
1149 1838 1219 1873 τῶν
1254 1834 1475 1885 φαινομένων
1514 1849 1617 1886 προς-

228 1896 402 1948 φέρεσθαι
419 1896 513 1946 πλὴν
532 1896 771 1946 σχήματος
796 1896 854 1934 καὶ
880 1896 960 1949 βάρ
972 1909 1045 1937 ους
1070 1895 1128 1933 καὶ
1152 1894 1326 1946 μεγέθους
1351 1894 1418 1944 (D.
1431 1895 1477 1933 L.
1491 1892 1539 1945 X,
1553 1896 1616 1935 54.

226 1957 295 2008 44)
306 1955 357 2007 ⁷),
392 1956 568 2006 reliquas
598 1961 729 1997 autem
757 1958 972 2007 qualitates
1000 1961 1116 2007 putat
1152 1969 1207 1995 ex
1234 1955 1367 1995 θέσει
1392 1955 1615 2006 (μεταθέσει,

226 2018 411 2068 positura
436 2017 551 2056 Lucr.
574 2018 631 2066 II,
661 2019 755 2066 761,
792 2018 932 2056 ordine
967 2018 1018 2066 II,
1041 2018 1129 2056 484.
1151 2017 1246 2066 896)
1284 2028 1339 2055 ac
1380 2018 1619 2067 συηκρίσει

227 2077 524 2129 (concretione)
550 2079 763 2128 provenire
792 2082 1013 2117 atomorum
1042 2078 1108 2127 (D.
1117 2078 1163 2117 L
1179 2078 1241 2117 54.
1256 2071 1337 2123 55.)
1365 2078 1507 2127 Itaque
1534 2078 1617 2117 nul-

473 2167 515 2198 de
538 2167 675 2223 niloque
698 2170 819 2199 renata
841 2168 1021 2208 vigescere
1045 2168 1148 2209 copia
1169 2170 1301 2198 rerum“

231 2218 345 2260 (Lucr.
357 2218 384 2256 1,
399 2217 460 2250 755
475 2227 526 2260 sq.
546 2228 589 2250 =
613 2208 710 2260 εἴπερ
739 2210 788 2261 μὴ
815 2223 860 2260 με
843 2209 940 2248 ε’λλει
965 2209 1081 2248 πάντα
1108 2209 1158 2251 εἰς
1175 2209 1216 2246 τὸ
1234 2210 1282 2260 μὴ
1303 2206 1342 2246 ὃν
1361 2203 1616 2260 φθαρήσεσθαι

227 2270 269 2301 D.
282 2270 321 2302 L.
335 2269 377 2307 X,
391 2269 456 2309 41),
488 2269 770 2301 concretionibus
802 2270 982 2301 dissolutis
1011 2270 1148 2301 minima
1169 2268 1245 2307 illa,
1270 2268 1383 2300 solida
1404 2272 1615 2311 aeternaque

229 2319 436 2363 corpuscula
456 2328 642 2357 remanere,
664 2330 751 2362 quae
774 2331 945 2363 nunquam
961 2330 1070 2363 aeque
1087 2329 1127 2352 ac
1144 2328 1290 2372 corpora
1305 2328 1348 2351 ex
1362 2319 1404 2352 iis
1421 2321 1616 2363 composita

228 2371 386 2404 discindu.
407 2362 674 2413 possint-0631}
699 2361 779 2413 γὰρ,
806 2373 918 2425 inquit
946 2373 1126 2414 Epicurus
1153 2362 1203 2402 εἷς
1206 2360 1366 2424 ἄπειρον
1384 2363 1408 2411 ἡ
1427 2365 1519 2424 τομὴ
1534 2377 1622 2416 τυγῑ

226 2414 329 2464 χάνει
363 2422 417 2463 (D
437 2421 476 2454 L.
491 2421 547 2460 43)
567 2423 604 2451 et
630 2412 666 2449 ἐν
692 2416 768 2454 ταῖς
786 2413 965 2451 διαλύσεσι
993 2416 1062 2450 τῶν
1090 2412 1305 2463 συγκρίσεων
1329 2413 1472 2462 στερεόν
1499 2427 1532 2451 τι
1557 2413 1616 2451 καὶ

228 2464 418 2502 ἀδιάλυτον
445 2461 630 2513 ὑπομένειν
658 2464 717 2501 δεῖ
739 2473 815 2515 (54)
859 2473 1050 2506 Praeterea

370 2548 378 2555 .
408 2524 497 2562 „nisi
519 2525 679 2556 materies
701 2527 844 2556 aeterna
866 2524 1001 2563 fuisset,

310 2573 455 2605 antehac
478 2574 521 2605 ad
543 2574 647 2607 nilum
668 2575 808 2617 penitus
831 2584 887 2607 res
911 2584 1067 2617 quaeque
1090 2573 1284 2606 redissenw
1314 2574 1430 2615 (Lucr.
1442 2574 1469 2614 1,
1485 2575 1570 2617 541.)

291 2645 338 2697 ⁷)
360 2643 457 2676 Sext.
480 2644 578 2687 Emp.
600 2644 675 2677 adv.
697 2646 793 2688 phys.
817 2646 877 2685 (X)
899 2647 926 2686 ξ.
942 2645 1021 2679 240-
1046 2636 1065 2674 ὸ
1079 2634 1309 2700 Ἐπίκουρας·
1336 2636 1377 2674 τὸ
1403 2640 1509 2688 σῶμα
1525 2640 1615 2677 νοεῖν

227 2682 301 2723 κατ’
329 2685 546 2725 ἐπισύνθεσιν
571 2686 750 2737 μεγέθους
775 2688 833 2726 καὶ
859 2689 1067 2740 σχημάτους
1093 2687 1151 2725 καὶ
1175 2688 1376 2730 ἀντιτυπίας
1394 2688 1451 2727 καὶ
1468 2689 1616 2740 βάρους.
