1804 2936
905 150 932 187 4

403 271 575 321 undique
603 271 849 320 ponderibus
878 271 1019 310 solidis
1048 271 1248 309 confluxet
1275 272 1326 310 ad
1353 272 1494 310 imum“

221 330 396 380 (1‚984);
432 333 505 370 sed
531 332 636 381 apud
666 330 890 381 Diogenem
918 331 1114 381 Epicurus
1142 335 1313 371 tantum:
1349 331 1420 370 εἴτε
1445 331 1487 369 τὸ
1514 331 1614 370 κενὸν

217 389 261 439 ἦν
285 391 491 441 ὡρισμένον,
516 390 581 429 οὐκ
604 390 648 428 ἂν
671 390 747 442 εἶχε
770 390 815 428 τὰ
844 390 973 441 ἄπειρα
998 391 1161 440 σώματα,
1192 389 1283 428 ὅπου
1310 390 1434 443 ἐνέστη
1461 391 1613 442 (X,42)‚

219 451 313 489 nihil
351 452 473 501 igitur
500 452 550 490 de
579 452 820 490 infinitorum
848 463 1061 501 corporum
1089 451 1189 489 dixit
1217 464 1320 501 quae
1349 453 1388 490 in
1417 452 1529 490 finito
1556 452 1612 491 in-

220 512 283 548 ani
310 512 426 550 ficret
454 512 810 562 conglutinatione.
865 512 986 549 Aliud
1016 512 1185 561 denique
1241 513 1291 550 de
1321 513 1462 551 eadem
1488 525 1532 551 re
1562 513 1612 550 ab

220 572 395 621 Epicuro
437 573 584 610 dictum
621 572 739 611 affert
763 571 1003 610 Plutarchus
1041 571 1159 621 (plac.
1174 571 1283 620 pul,
1299 572 1360 619 5):
1390 571 1442 610 ὅτι
1469 571 1615 623 ἄπειρος

219 631 238 668 ὁ
274 631 409 682 κόσμος
442 632 533 671 κατὰ
568 632 609 671 τὸ
644 632 805 682 πλῆθος,
854 633 965 682 δῆλον
1001 631 1044 669 ὲκ
1077 632 1138 668 τοῦ
1173 630 1301 681 ἄπειρα
1335 632 1384 670 τὰ
1407 631 1497 670 αἴτια
1524 633 1549 671 i.
1578 646 1613 672 e.

218 695 385 740 atomos,
415 692 464 730 de
495 693 637 742 quibus
665 693 770 730 infra
798 693 874 731 erit
902 693 1123 730 dicendum.
1159 693 1261 739 Quid
1290 693 1434 742 plura?
1462 694 1614 731 Volunt

216 751 420 802 Epicurei,
444 753 671 791 universum
700 765 792 791 esse
827 752 1033 802 ἀπειρίαν
1058 752 1327 802 (D.L.X,45;
1351 753 1456 803 116),
1494 753 1612 792 infi-

218 814 464 852 nitionem
506 826 623 863 quam
658 817 807 852 vocant
843 813 1023 852 Romani.
1059 812 1159 863 (Cic.
1179 813 1243 851 fin.
1262 814 1293 863 I,
1309 814 1438 861 6‚21).
1501 814 1612 861 Quae

219 886 304 911 cum
332 875 389 912 ita
418 875 497 912 sint
525 875 673 923 „totius
707 874 844 912 imum
880 873 935 910 nil
963 877 1025 911 est
1049 873 1087 910 in
1117 873 1291 911 summa“
1317 874 1451 922 (Lucr.
1465 875 1518 923 11,
1533 874 1613 924 89),

218 934 257 971 id
284 935 389 983 quod
419 934 615 983 Epicurus
642 935 704 973 his
734 935 872 972 docet:
906 933 962 970 καὶ
996 934 1064 982 μὴν
1092 933 1182 971 κατὰ
1209 935 1272 970 τοῦ
1298 934 1444 982 ἀπείρου
1473 936 1523 975 ὡς
1550 934 1613 985 μὲν

217 993 393 1031 ἀνωτάτω
407 992 430 1042 ἢ
446 995 643 1032 κατωτάτω
658 994 700 1032 οὔ
716 994 774 1031 δεῖ
784 996 991 1044 κατηγορεῖν
1006 1008 1025 1031 τ
1036 992 1054 1029 ὸ
1075 991 1164 1031 ἄνω
1180 993 1203 1043 ἢ
1222 994 1342 1031 κάτω
1362 994 1612 1045 (D.L.X,60).

218 1054 320 1100 Quid
348 1067 447 1093 vero
477 1056 527 1094 de
555 1055 710 1093 medio
737 1055 912 1094 universi
932 1054 1103 1104 (κέντρῳ)
1124 1055 1222 1093 dicit
1239 1055 1479 1095 Lucretius?
1505 1055 1612 1094 Sane

217 1128 298 1154 non
334 1121 523 1155 constare
561 1116 636 1154 sibi
671 1116 827 1154 videtur
861 1116 961 1155 fidus
989 1115 1152 1165 Epicuri
1179 1116 1399 1166 interpres,
1438 1115 1503 1166 qui
1531 1116 1610 1155 alio

218 1177 312 1216 loco
343 1177 415 1217 ait:
646 1222 649 1224 ‚

341 1239 465 1288 „illud
491 1239 529 1276 in
561 1238 620 1277 his
648 1238 769 1276 rebus
798 1236 919 1287 longe
947 1238 1040 1287 suge
1069 1238 1249 1288 credere,
1279 1237 1447 1288 Memmi,

340 1300 381 1337 in
409 1298 615 1337 medium
644 1310 857 1337 summae
888 1299 994 1347 quod
1024 1299 1161 1337 dicunt
1188 1300 1320 1337 omnia
1347 1300 1420 1337 niti
1448 1320 1496 1326 —-

341 1433 431 1459 nam
459 1419 661 1458 medium
691 1419 764 1456 nil
793 1431 882 1457 esse
913 1419 1074 1468 potest“
1103 1420 1278 1468 (1,1052.
1300 1420 1430 1468 1070),

217 1481 295 1519 alio
324 1494 442 1520 vero:

340 1542 530 1592 „primum
557 1540 682 1579 terrai
709 1552 883 1589 corpora
910 1552 1107 1589 quaeque,

339 1606 562 1653 propterea
590 1601 698 1650 quod
726 1604 840 1638 erant
867 1602 1008 1650 gravia.
1036 1605 1076 1639 et
1102 1602 1309 1652 perplexa,
1339 1604 1501 1642 coibant

340 1663 386 1701 in
414 1663 573 1701 medio
602 1664 721 1710 atque
750 1661 849 1700 imas
881 1662 1096 1711 capiebant
1115 1663 1246 1701 omnia
1266 1664 1412 1702 sedes“
1435 1664 1502 1712 (V,
1517 1663 1610 1710 449)

216 1728 257 1762 et
284 1724 419 1775 paullo
448 1727 560 1775 post:

268 1791 481 1836 „terraque
506 1789 550 1823 ut
576 1785 624 1822 iu
651 1782 815 1823 media
843 1783 1003 1820 mundi
1030 1784 1237 1834 regione
1267 1786 1459 1835 quiescat,

267 1859 513 1885 evanescere
534 1846 725 1896 paulatim
741 1848 782 1883 et
796 1844 1035 1882 decrescere
1057 1844 1236 1895 pondus!
1254 1845 1466 1885 convenit“
1485 1846 1608 1895 (534).

319 1907 401 1946 Sed
436 1909 632 1947 succurrit
667 1906 784 1945 nobis
815 1905 940 1954 ipsius
976 1905 1136 1955 Epicuri
1171 1906 1263 1943 libri
1289 1906 1349 1945 XI
1384 1908 1433 1945 de
1470 1912 1609 1945 natura

214 1969 480 2019 fragmentum
520 1968 649 2018 (Epic.
674 1967 814 2016 fragm.
837 1968 913 2003 etc.
935 1966 997 2004 ed.
1021 1965 1157 2015 Orelli,
1180 1967 1289 2017 Lips.
1314 1968 1426 2006 1818.
1452 1968 1521 2006 lib.
1535 1966 1607 2016 XI,

215 2031 288 2069 col.
306 2030 378 2079 I.):
406 2029 513 2081 φημὶ,
543 2028 579 2066 ἐν
606 2027 707 2079 μέσῳ
733 2026 820 2065 εἶναι
844 2027 908 2077 τὴν
935 2029 1000 2076 γῆν
1027 2030 1098 2068 τοῖς
1118 2027 1237 2069 τόποις
1249 2027 1284 2079 3)
1312 2028 1409 2079 ὑῳὴν
1437 2028 1495 2065 καὶ
1521 2027 1609 2078 πρὸς

212 2093 275 2129 τοῦ
304 2090 451 2141 κέντρου
478 2089 708 2140 περιέχοντος
734 2089 797 2126 τοῦ
820 2086 994 2129 παντός“;
1024 2089 1064 2126 in
1089 2090 1218 2128 medio
1237 2090 1414 2129 locorum
1435 2089 1608 2139 positam

214 2164 305 2191 esse
348 2156 496 2191 terram
542 2150 754 2200 gibbosam
790 2154 832 2190 et
874 2151 925 2189 ad
960 2155 1138 2190 centrum
1172 2151 1347 2191 universi
1381 2150 1607 2190 circumsiti.

211 2210 320 2263 El‘go
357 2224 454 2251 sane
493 2215 617 2261 negat
641 2211 871 2260 Lucretius,
907 2223 999 2250 esse
1033 2212 1072 2250 in
1097 2213 1286 2252 universo
1313 2216 1502 2263 punctum
1527 2223 1605 2250 me-

212 2275 329 2323 dium,
358 2274 410 2312 ad
438 2272 546 2323 quod
573 2271 713 2322 gravia
740 2272 871 2310 omnia
890 2273 1059 2311 tendant
1081 2273 1129 2322 (I,
1148 2273 1265 2322 1052)
1295 2277 1336 2312 et
1354 2273 1461 2323 quod
1489 2284 1605 2321 „cen-

211 2339 314 2373 trum
338 2332 578 2384 gravitatis“
605 2332 724 2381 vulgo
749 2333 988 2382 appelletur,
1018 2333 1090 2372 sed
1119 2345 1200 2371 non
1227 2338 1362 2383 negat,
1391 2337 1539 2371 terram
1564 2332 1606 2370 in

210 2396 342 2434 medio
370 2394 516 2442 mundi,
545 2393 790 2432 coelestibus
817 2393 1054 2443 corporibus
1075 2393 1350 2434 circumfusam
1367 2405 1491 2444 posse
1515 2404 1605 2433 con-

211 2455 367 2494 sistere.

298 2556 324 2595 ³)
366 2555 409 2589 cf.
435 2555 600 2588 Columna
624 2556 687 2592 111,
712 2565 743 2593 o,
768 2554 886 2596 fragili.
910 2554 997 2586 XIII
1026 2545 1077 2594 (ἐν
1098 2545 1198 2596 μέσῳ
1218 2547 1353 2585 κεῖσθαι
1370 2549 1432 2584 τοῦ
1452 2546 1626 2597 κόσμου)’

212 2607 245 2639 in
270 2606 599 2645 „Herculanensium
625 2605 830 2637 voluminum
852 2606 1015 2638 collectio
1039 2606 1158 2645 altera,
1182 2609 1261 2640 tom.
1277 2608 1341 2646 VI,
1366 2608 1451 2641 fase.
1466 2609 1491 2641 1.
1514 2606 1602 2641 Nea-

210 2656 269 2699 pel
296 2656 384 2695 1866,
408 2656 667 2697 Ankr'iridiguug
692 2666 766 2688 vom
791 2657 888 2689 Mfirz
911 2656 991 2689 1867
1016 2667 1080 2689 von
1104 2658 1166 2691 Th.
1191 2658 1371 2703 Goniperz.
