1804 2936
902 196 926 235 9

226 318 380 370 cipitur,
407 319 549 358 mutari
575 321 714 368 potest
734 318 978 368 (παραλλαγαὶ
1004 318 1045 356 δέ
1070 333 1158 360 τινες
1180 320 1342 370 μεγεθῶν
1361 319 1442 357 εἰσιν
1469 320 1517 358 D.
1533 320 1614 369 54),

225 381 346 419 atomi
374 393 471 419 vero
501 383 593 417 sunt
619 379 897 418 immutabiles.

325 441 454 480 Porro
489 440 538 478 de
568 439 703 491 figuris
739 443 958 480 atomorum
981 442 1082 480 haec
1110 441 1282 480 dicenda
1309 447 1420 481 sunt:
1448 442 1613 492 primum

225 503 330 541 idem
363 501 472 551 quod
504 501 741 540 vocabulum
775 502 940 552 figura
975 502 1078 552 apud
1113 502 1336 540 Lucretium
1371 503 1447 541 sibi
1476 503 1615 541 volunt

225 564 345 603 etiam
382 562 578 601 vocabula
611 562 788 612 ‚‚forma“
825 566 867 602 et
894 563 1060 612 ‚,filum“.
1114 563 1268 603 Gellius
1303 577 1459 614 quoque
1488 566 1614 613 (noct.

225 625 307 662 Att.
324 623 384 671 14,
397 623 441 671 4)
468 623 651 672 scripsit:
681 622 953 674 „Chrysippus
973 624 1073 662 facit
1089 624 1295 674 imaginem
1307 625 1492 675 justitiae
1514 625 1614 663 fieri-

226 696 301 735 que
331 683 489 724 solitum
518 696 610 724 esse
639 685 737 723 dicit
763 698 788 723 a
814 685 1037 735 pictoribus
1055 685 1362 735 rhetoribusque
1383 687 1614 736 antiquiori-

225 747 299 784 bus
328 746 379 783 ad
407 745 508 783 hunc
534 746 659 784 ferme
688 747 864 785 modum:
893 745 1072 795 „forma“
1109 749 1229 795 atque
1268 746 1383 795 „filo“
1418 747 1613 798 virginali.

225 806 447 846 Praeterea
474 806 641 845 Plautus
671 819 795 857 saepe
824 807 946 844 dixit:
975 806 1103 856 „filum
1131 807 1332 845 mulieris“
1363 820 1436 857 pro
1464 810 1617 857 „forma

226 872 268 906 et
294 868 421 917 figura
455 867 660 905 mulieris“
696 868 822 914 (velut
839 880 957 905 merc.
977 869 1013 915 4,
1032 868 1069 911 4,
1090 868 1174 915 15),
1208 873 1248 905 et
1281 868 1369 916 ipse
1394 869 1615 916 Lueretius,

226 929 292 966 ubi
320 929 617 967 simulacrorum
645 931 825 967 naturam
853 929 1045 979 declarat,
1075 928 1149 967 ait:

471 994 561 1029 sunt
588 990 710 1039 igitur
732 990 811 1027 iam
839 991 1054 1029 formarum
1081 989 1256 1040 vestigia
1285 994 1396 1027 certa

472 1082 480 1090 .
510 1081 519 1090 .
549 1082 557 1091 .
588 1051 721 1090 subtili
750 1051 937 1102 praedita
964 1050 1093 1102 „fi10“.
1146 1049 1205 1089 IV
1208 1080 1216 1099 ,
1233 1050 1281 1090 87

228 1116 270 1150 et
298 1113 376 1151 alio
405 1114 519 1153 loco:

329 1173 507 1222 ‚,forma“
536 1186 693 1223 quoque
722 1174 812 1211 hine
841 1174 938 1213 solis
966 1174 1090 1212 debet
1117 1172 1353 1223 „filumque“
1381 1173 1508 1211 videri

226 1232 293 1280 (V,
309 1233 414 1282 571),
448 1234 549 1273 alio:

408 1307 497 1332 nam
526 1295 633 1344 prius
664 1296 803 1344 omnia,
834 1307 934 1347 quae
963 1295 1085 1345 longe
1115 1299 1270 1334 semota
1296 1298 1452 1332 tuemur

411 1362 506 1395 aera
533 1368 607 1405 per
633 1356 805 1407 multum,
832 1358 970 1407 specie
1001 1356 1168 1395 confusa
1197 1356 1383 1394 videntur

412 1429 526 1466 quam
555 1417 675 1454 minui
703 1417 855 1466 ,‚filum“
884 1418 1008 1466 (581),

229 1476 309 1516 alio
338 1477 532 1528 denique:

412 1551 652 1589 perparvom
681 1539 866 1588 quiddam
892 1538 1092 1576 interdum
1119 1542 1271 1575 mutare
1299 1538 1457 1576 videtur

412 1600 579 1638 alteram
608 1603 736 1637 utram
762 1600 802 1637 in
831 1603 984 1650 partem
1014 1597 1167 1648 ‚‚filum“
1196 1597 1318 1649 (588).

330 1660 485 1699 Deinde
516 1661 622 1710 apud
643 1660 871 1699 Lucretium
898 1660 1080 1710 legimus,
1111 1663 1367 1708 „cunctarum
1394 1673 1524 1699 rerum
1554 1673 1618 1699 ex-

229 1721 343 1758 ordia
365 1721 592 1771 multigenis
620 1721 777 1758 variata
805 1733 895 1759 esse
924 1721 1084 1772 figuris“
1111 1721 1282 1769 (11‚333)
1310 1724 1351 1758 ct
1375 1722 1620 1771 „primordia

161 1833 164 1835 -
227 1793 356 1820 rerum
390 1781 503 1821 finita
537 1781 694 1821 variare
730 1781 942 1832 figurarum
976 1782 1135 1820 ratione
1172 1780 1321 1833 (479).“
1384 1782 1496 1829 Quae
1532 1794 1619 1821 seu-

226 1842 395 1891 tentiae‚
432 1855 546 1891 quum
579 1854 658 1879 non
693 1843 922 1881 innumeros
959 1843 1031 1881 sed
1059 1846 1212 1880 tantum
1238 1842 1382 1880 multas
1408 1843 1621 1892 variasque

226 1902 373 1953 figuras
411 1915 503 1942 esse
539 1903 686 1951 velint,
719 1903 883 1953 Epicuri
916 1903 1166 1953 respondent
1202 1903 1330 1944 dicto:
1372 1902 1436 1945 τὰς
1467 1902 1623 1952 ἀτόμους

227 1964 302 2004 ταῖς
341 1966 411 2001 τῶν
451 1964 646 2014 σχημάτων
677 1964 865 2014 διαφοραῖς
894 1963 965 2014 οὐχ
999 1964 1124 2004 ἁπλῶς
1157 1963 1341 2014 ἀπείρους,
1384 1963 1480 2002 ἀλλὰ
1514 1962 1622 2013 μόνον

228 2023 492 2074 ἀπεριλήπτους
519 2025 649 2069 (1142
667 2039 718 2058 =
735 2022 822 2065 εἶναι
847 2022 892 2061 τὰ
919 2024 1089 2076 σχήματα
1115 2017 1185 2062 tii&
1212 2023 1357 2076 ἀτόμων
1385 2024 1620 2074 ἀπερίληπτα,

227 2084 294 2123 οὐκ
320 2083 460 2136 ἄπειρα.
488 2085 592 2124 Plut.
614 2086 715 2135 plac.
736 2085 831 2135 phil.
851 2086 881 2135 I,
896 2086 952 2135 3).

332 2147 431 2185 Tum
458 2159 555 2185 vero
584 2159 607 2185 a
630 2147 792 2185 Laertio
822 2146 964 2196 (X,42)
992 2147 1091 2185 haec
1109 2146 1270 2196 Epicuri
1299 2147 1423 2184 verba
1452 2145 1621 2184 afferun-

226 2211 311 2246 tur:
339 2206 415 2246 καθ’
447 2208 598 2258 ἑκάστην
626 2209 849 2259 σχημάτησιν
878 2209 1005 2249 ἁπλῶς
1031 2206 1169 2258 ἄπειροι
1196 2206 1249 2255 (αἱ
1276 2205 1419 2257 ἄτομοι)
1448 2208 1471 2245 i.
1503 2219 1556 2255 e.,
1588 2208 1621 2245 si

227 2268 451 2307 Lucretium
482 2270 703 2318 sequimur:

413 2362 422 2370 .
451 2362 460 2370 .
491 2361 499 2369 .
527 2331 746 2382 primordia
773 2343 902 2369 rerum

413 2392 519 2430 inter
547 2405 589 2431 se
620 2393 735 2431 simili
765 2405 865 2442 quae
895 2396 987 2432 sunt
1007 2390 1196 2442 'perfecta
1221 2390 1358 2441 figura,

414 2452 569 2491 infinita
596 2454 729 2492 cluere
756 2454 806 2503 11,
822 2455 909 2494 523.

332 2514 473 2563 ltaque
504 2528 580 2554 non
611 2517 832 2566 figurarum,
860 2518 930 2555 sed
960 2518 997 2554 in
1026 2529 1260 2567 unaquaque
1281 2515 1517 2564 figuratione
1539 2522 1622 2556 ato-

234 2587 385 2613 morum
413 2576 587 2615 infinitus
618 2582 680 2616 est
707 2589 902 2616 numerus.
925 2577 1117 2628 *Denique
1146 2579 1222 2617 hoc
1246 2580 1366 2617 docet
1391 2578 1622 2618 Lueretius:

333 2649 381 2686 „e
409 2637 610 2677 levibus
639 2644 759 2688 atque
787 2640 1014 2678 rutundis
1044 2640 1115 2688 (sc.
1143 2639 1299 2688 figuris)

345 2710 437 2737 esse
467 2712 527 2749 ea,
556 2713 659 2750 quae
687 2712 831 2739 sensus
858 2700 1028 2739 iucunde
1050 2705 1225 2748 tangere
1254 2705 1425 2749 possunt
1456 2701 1623 2750 (11‚402)

1354 2767 1377 2799 2
