1804 2936
746 256 814 296 49

102 374 438 425 membrorumque
477 378 645 416 omnium
680 378 936 417 consentiens
971 378 1009 415 in
1047 391 1165 417 unum
1194 379 1310 428 vigor
1337 382 1484 417 motum

103 435 212 474 illum
241 434 440 475 sentiendi
469 438 627 476 excitet.
671 430 881 478 'Ceterum
911 439 1015 478 sicut
1041 438 1266 488 infidibus,
1302 452 1388 478 cum
1415 440 1482 478 ali-

105 497 200 547 quid
227 500 295 535 aut
322 497 583 548 interruptum
610 502 678 537 aut
703 499 924 537 relaxatum
952 499 1016 548 sit,
1045 500 1171 538 omnis
1191 500 1361 538 sonandi
1378 501 1481 539 ratio

103 559 285 598 turbetur
320 562 439 609 atque
476 558 673 609 solvatur,
718 560 775 598 ita
809 560 848 597 in
879 571 1066 610 corpore,
1113 572 1198 598 cum
1226 572 1320 610 pars
1350 561 1485 611 aliqua

103 619 365 658 membrorum
393 624 677 669 corrumpatur,
706 619 858 657 destrui
882 620 1035 659 omnia:
1075 620 1246 658 turbatis
1274 632 1369 659 vero
1397 633 1482 659 cor-

102 680 309 730 ruptisque
332 680 511 728 omnibus
529 680 716 719 occidere
733 690 890 718 sensum
906 691 1072 730 eamque
1088 683 1253 719 mortem
1267 679 1481 728 voeariffl).

203 741 295 779 Jam
321 753 419 780 vero
447 744 593 790 restat,
635 745 678 778 ut
714 740 762 778 dc
793 740 944 777 sciendi
971 740 1127 778 ratione
1158 741 1349 790 quaedam
1376 742 1481 780 dica-

101 814 198 840 mus.
254 800 380 847 Quum
408 801 511 839 enim
539 813 681 840 sensus
709 800 916 838 Lucretius
944 801 1052 838 nullo
1072 801 1189 839 modo
1208 802 1341 839 refelli
1359 815 1480 852 posse

101 852 432 912 demonstiet92),
469 873 538 900 eos
569 861 704 899 studet
731 860 991 908 convincere,
1033 861 1099 910 qui
1127 854 1311 899 sensuum
1345 873 1481 911 perce-

100 923 303 973 ptionibus
330 934 448 962 veras
468 934 557 961 esse
576 922 651 959 hac
669 921 826 960 ratione
846 924 1008 970 negant,
1038 923 1080 958 ut
1100 921 1257 960 omnino
1276 921 1372 959 nihil
1391 922 1483 960 sciri

99 995 223 1032 posse
255 983 513 1021 contendant.
567 983 708 1031 Itaque
734 982 792 1020 sic
818 981 1012 1030 loquiturz
1040 981 1129 1032 (IV,
1143 982 1256 1029 469)z

223 1043 405 1093 Denique
432 1043 488 1080 nil
516 1042 611 1080 sciri
639 1042 672 1080 si
702 1042 787 1091 quis
816 1044 942 1091 putat,
969 1041 1008 1078 id
1038 1054 1194 1091 quoque
1217 1043 1348 1080 nescit

223 1104 286 1140 An
316 1103 410 1141 sciri
437 1103 579 1151 possit,
609 1102 795 1150 quoniam
821 1102 877 1139 nil
905 1101 1007 1140 scire
1034 1101 1194 1141 fatetur.

202 1163 312 1201 Inter
341 1163 450 1212 cujus
480 1164 702 1202 sententiae
731 1166 924 1212 patronos
953 1174 999 1200 ac
1028 1162 1266 1200 defensores
1294 1163 1483 1214 imprimis

100 1224 365 1262 nominandus
393 1227 457 1263 est
483 1223 646 1273 Pyrrho,
676 1223 741 1272 qui
767 1222 969 1261 Aristocle
997 1227 1161 1260 auctore
1172 1220 1227 1271 93)
1256 1223 1363 1271 dicit,
1392 1224 1483 1274 μήτε

99 1284 161 1325 τὰς
185 1283 367 1334 αἰσθήσεις
392 1284 493 1334 ἡμῶν
521 1281 612 1334 μήτε
640 1283 703 1324 τὰς
729 1282 834 1324 δόξας
851 1283 1039 1333 ἀληθεύειν
1057 1282 1080 1331 ἢ
1100 1283 1304 1333 ψεύδεσθαι,
1332 1297 1381 1323 ea
1401 1286 1481 1334 qui—

94 1347 209 1395 dem,
239 1358 341 1396 quae
369 1345 485 1383 nobis
515 1345 620 1383 scire
647 1344 860 1394 videamur,
889 1347 1041 1382 tantum
1070 1356 1178 1382 more
1208 1348 1249 1382 et
1274 1351 1482 1385 consuetu-

101 1407 193 1446 dine
220 1410 389 1457 recepta
416 1418 527 1445 esse:
566 1405 668 1444 οὐδὲν
695 1404 762 1455 γὰρ
782 1435 791 1444 .
812 1435 820 1444 .
841 1435 850 1444 .
871 1403 953 1441 οὔτε
980 1404 1089 1442 καλὸν
1118 1404 1201 1443 οὔτε
1227 1405 1373 1458 αἰσχρὸν
1399 1407 1482 1445 οὔτε

100 1468 231 1506 δίκαιον
259 1466 342 1505 οὔτε
370 1465 508 1516 ἄδικον,
548 1466 605 1503 καὶ
632 1466 764 1515 ὁμοίως
791 1465 846 1503 ἐπὶ
872 1466 1033 1512 πάντων,
1074 1467 1184 1516 μηδὲν
1209 1465 1294 1504 εἶναι
1320 1470 1366 1517 τῇ
1393 1468 1480 1518 ἀλη-

98 1528 202 1580 θείᾳ,
242 1526 341 1578 νόμῳ
372 1526 413 1564 δὲ
446 1526 504 1563 καὶ
536 1525 613 1563 ἔθει
646 1526 760 1563 πάντα
793 1525 876 1567 τοὺς
909 1525 1121 1576 ἀνθρώπους
1154 1528 1317 1577 πράττειν
1345 1527 1386 1565 οὐ
1413 1526 1481 1578 γὰρ

106 1590 243 1642 μᾶλλρν
270 1586 354 1625 τόδε
378 1585 401 1635 ἢ
429 1584 512 1623 τόδε
537 1584 621 1622 εἶναι
647 1584 794 1623 ἕκαστον
804 1585 871 1636 94).

204 1648 437 1697 Eademque
471 1646 556 1685 fere
592 1658 728 1685 omnes
764 1647 983 1685 academici
1011 1648 1258 1687 recentiores
1287 1648 1482 1700 dixerunt,

100 1723 121 1750 e
151 1722 315 1761 quorum
342 1720 505 1747 numero
534 1707 630 1746 satis
660 1711 724 1747 est
741 1708 966 1747 Arcesilam
982 1707 1097 1757 hujus
1120 1712 1257 1747 sectae
1277 1714 1483 1749 auctorem

100 1781 421 1810 commemorare.
473 1768 592 1817 Apud
611 1767 846 1806 Ciceronem
873 1767 976 1806 enim
1002 1768 1103 1807 haec
1129 1768 1317 1818 legimus:
1346 1769 1480 1820 (acad.

98 1845 161 1881 qu.
181 1831 213 1880 I,
238 1831 298 1880 12,
316 1828 383 1879 45)
411 1828 641 1878 „Arcesilas
671 1830 847 1879 negabat
874 1840 967 1867 esse
995 1828 1220 1878 quidquam,
1250 1831 1356 1879 quod
1385 1831 1479 1870 sciri

93 1896 252 1943 posset,
281 1902 331 1928 ne
359 1890 457 1928 illud
485 1889 642 1939 quidem
669 1888 809 1938 ipsum,
844 1889 948 1938 quod
979 1888 1168 1929 Socrates
1198 1891 1274 1930 sibi
1298 1891 1478 1942 reliquis-

97 1951 253 2000 set“95)
281 1955 340 1990 et:
382 1949 450 1999 (de
476 1953 578 1987 orat.
606 1949 685 1998 ΠΙ,
709 1950 773 1993 18,
794 1950 880 1996 67):
925 1950 1131 1988 Arcesilas
1152 1980 1160 1988 .
1181 1981 1190 1989 .
1210 1980 1219 1989 .
1240 1981 1248 1989 .
1278 1964 1327 1990 ex
1356 1953 1478 1992 variis

94 2013 277 2052 Platonis
299 2010 412 2050 libris
432 2009 757 2058 sermonibusque
782 2008 1000 2049 Socraticis
1017 2010 1094 2048 hoc
1112 2011 1280 2050 maxime
1300 2013 1479 2062 arripuit,

93 2075 191 2112 nihil
209 2085 299 2113 esse
319 2072 427 2121 certi,
448 2071 554 2120 quod
573 2074 653 2108 aut„
665 2070 848 2108 sensibus
869 2075 938 2108 aut
957 2071 1086 2109 animo
1101 2073 1254 2122 percipi
1270 2074 1399 2123 possit
1409 2072 1477 2123 96).

178 2165 220 2203 υ)
243 2162 404 2193 Lactant.
426 2151 614 2201 upif.‘1).c.
635 2159 680 2190 16.
708 2176 739 2181 —
769 2159 878 2192 instit.
902 2159 981 2197 vn,
1001 2160 1046 2192 13.

181 2216 221 2253 ⁰²)
244 2214 345 2244 Lucr.
367 2211 430 2248 IV,
447 2206 522 2242 478:
545 2209 705 2241 Invenies
727 2210 845 2251 primis
869 2210 911 2241 ab
935 2210 1094 2242 sensibus
1118 2220 1196 2243 esse
1218 2214 1368 2243 creatam

539 2259 705 2291 Notitiem
728 2261 811 2298 veri,
834 2268 945 2300 neque
968 2268 1092 2291 sensus
1114 2270 1220 2302 posse
1244 2261 1363 2293 refelli.

176 2313 215 2354 ⁹³)
237 2323 291 2355 ap.
314 2312 442 2344 Euseb.
466 2320 582 2353 praep.
605 2319 725 2352 evang.
748 2310 844 2348 XIV,
864 2310 909 2348 18,
925 2309 954 2341 2.

176 2366 215 2405 ³⁴)
236 2364 338 2404 Diog.
361 2363 398 2394 1..
415 2361 476 2399 IX,
490 2362 540 2394 61.
563 2380 603 2383 -
624 2362 666 2393 cf.
686 2361 773 2393 Gell.
789 2361 849 2398 XI,
865 2361 894 2398 5,
910 2361 947 2401 43
972 2360 1067 2393 Sext.
1090 2362 1187 2403 Emp.
1203 2362 1263 2401 XI,
1284 2363 1349 2395 140.

173 2415 212 2456 ’³)
238 2414 402 2447 Socrates
424 2412 587 2456 putabat,
626 2421 693 2443 non
723 2411 803 2443 sciri
832 2419 938 2453 posse
968 2411 1152 2454 quidquam
1182 2412 1247 2443 nisi
1276 2414 1416 2454 cognita
1438 2417 1473 2446 et

90 2465 229 2496 notione
252 2467 288 2496 et
309 2464 508 2496 definitione
531 2473 642 2495 rerum
667 2473 696 2494 v.
720 2461 843 2493 Zeller.
863 2461 907 2500 H,
924 2472 953 2493 a.
976 2473 1008 2504 p.
1025 2462 1148 2504 77sqq.
1173 2480 1214 2485 —
1235 2473 1268 2504 p.
1282 2463 1405 2505 84sqq.

174 2517 214 2556 ”)
235 2515 282 2548 ef.
300 2514 395 2547 acad.
412 2525 467 2557 qu.
482 2513 525 2552 Π,
542 2513 593 2551 23,
608 2513 665 2544 73:
688 2512 907 2544 Metrodorus
924 2513 1029 2546 Chius
1046 2538 1053 2545 .
1069 2538 1076 2545 .
1092 2537 1099 2544 .
1118 2522 1216 2553 nego,
1239 2514 1358 2554 inquit,
1382 2516 1472 2546 scire

96 2574 170 2604 nos,
194 2566 386 2599 sciamusne
411 2564 538 2606 aliquid
560 2573 604 2595 an
627 2563 708 2595 nihil
731 2563 895 2601 sciamus,
921 2573 963 2595 ne
986 2563 1020 2595 id
1041 2564 1152 2605 ipsum
1175 2563 1310 2604 quidem
1332 2565 1472 2597 nescire

92 2615 152 2645 aut
172 2615 263 2647 scire
286 2625 349 2648 nos
363 2640 370 2654 ,
393 2625 459 2648 nec
483 2615 619 2646 omnino
642 2614 733 2646 sitne
757 2613 897 2655 aliquid,
919 2623 961 2645 an
984 2614 1067 2646 nihil
1088 2614 1144 2646 sit.
1167 2631 1206 2636 —
1228 2614 1269 2645 de
1292 2617 1360 2646 nat.
1382 2615 1475 2649 deor.

96 2661 169 2703 1‚5,
190 2664 245 2696 ll:
278 2665 364 2698 haec
386 2666 419 2698 in
442 2664 660 2708 philosophia
680 2663 768 2696 ratio
792 2666 915 2696 contra
935 2664 1049 2696 omnia
1070 2663 1260 2695 disserendi
1282 2665 1474 2708 nullamque

98 2723 167 2746 rem
191 2718 311 2759 aperte
328 2716 507 2758 judicandi
532 2716 690 2758 profecta
712 2726 731 2747 a
753 2715 909 2753 Socrate,
931 2715 1081 2757 repetita
1102 2714 1145 2746 ab
1159 2715 1329 2755 Arcesila,
1351 2717 1472 2749 confir-

95 2766 187 2796 mata
208 2776 229 2797 a
251 2767 439 2801 Carneade.
461 2786 501 2791 —-
523 2778 543 2799 v
575 2767 688 2799 Zeller
708 2766 770 2804 HJ,
791 2777 825 2808 p.
840 2765 983 2807 449sqq.
