1804 2936
899 164 924 203 6

212 282 441 333 oretium)5)
469 287 511 322 et
537 285 716 325 Graece:
744 286 780 323 αἰ
804 285 915 337 ἀρχαί
936 287 989 336 (αἱ
1016 287 1123 339 ἀρχαὶ
1157 286 1286 338 ἄτομοι
1331 290 1402 327 τῶν
1430 290 1607 340 σωμάτων

212 343 334 394 φύσεις
361 344 408 384 D.
423 345 468 383 L.
488 345 540 395 X,
554 346 626 395 41;
653 344 717 387 τὰς
743 346 860 398 ἀρχὰς
886 347 1043 398 ἀτόμους
1066 348 1153 387 εἶναι
1177 349 1387 389 Philodem
1409 354 1485 390 etc.
1513 363 1606 401 pag.

214 404 300 453 108,
320 405 402 445 tab.
419 406 498 455 78),
527 404 571 442 τὰ
597 406 795 457 σπέρματα,
824 408 859 444 αἱ
881 407 1014 459 ἄτοτοι,
1043 410 1096 457 (αἱ
1124 409 1215 447 ἰδέαι
1243 414 1284 448 et
1313 411 1348 448 αἱ
1366 410 1481 449 οὐσίαι
1500 411 1606 460 apud

213 465 514 517 Democritum);
533 465 578 503 τὰ
599 465 690 505 αἴτια
710 468 979 515 (Metrodorus
994 470 1214 521 Epicureus
1230 484 1292 523 ap.
1308 471 1413 511 Plut.
1431 471 1606 522 de.plac.

155 531 157 533 ’
212 527 277 576 ph.
293 528 323 575 Ι,
339 527 394 578 5),
423 527 459 569 ἐξ
483 528 533 565 ὧν
560 528 595 564 αἱ
622 529 818 578 συγκρίσεις
842 530 1050 581 πεποίηνται
1077 530 1140 582 (D.
1155 531 1198 578 L,
1215 531 1267 581 X,
1281 532 1358 581 403
1385 532 1607 571 Philodem.

210 587 319 637 l.o.),
352 587 559 639 ,,στοιχεῖα“
595 588 650 626 ἀεὶ
685 587 770 626 ὄντα
803 589 861 627 καὶ
894 590 964 629 ἀπὸ
999 594 1062 629 τοῦ
1089 593 1193 629 κενοῦ
1222 591 1445 642 ὃιοριζόμενα
1471 592 1530 629 καὶ
1558 593 1605 642 ,,ἡ

213 648 350 697 μονάςίί
379 649 511 698 (Epic.
540 661 601 698 ap.
629 650 735 688 Plut.
763 651 813 688 de
840 652 942 700 plac.
970 652 1032 701 ph.
1053 653 1144 700 I,3;
1175 653 1225 689 ef.
1247 651 1356 691 Sext.
1384 653 1496 702 Emp.
1516 654 1630 691 adv..

211 709 369 759 logicos
391 708 525 758 (VIII)
544 711 581 758 ξ,
598 709 693 749 319:
716 707 944 761 Ἐπίκουρος·
970 710 1087 762 ἄτομα
1109 710 1196 749 εἶναι
1222 712 1409 763 στοιχεῖα.)

316 770 432 809 Haec
452 770 694 820 corpuscula
716 767 808 810 sunt
825 772 968 821 „nullis
987 774 1173 825 praedita
1193 774 1373 823 partibus
1393 776 1434 812 et
1450 772 1609 811 minima

214 832 385 869 natm-af‘
413 833 548 880 (Lucr.
564 831 719 880 1,625),
746 832 962 870 immortali
991 837 1136 872 natura
1162 835 1350 884 praedita
1375 834 1424 884 (Ι,
1435 833 1609 873 236.545

217 892 303 940 ct),
343 895 512 931 aeterna
537 893 688 942 (1,245.
705 893 792 932 519.
808 893 884 932 539
898 893 987 944 ct),
1023 895 1268 934 solidissima
1301 895 1494 933 materiae
1522 907 1606 933 cor-

216 966 316 1002 pora
345 953 392 1001 (I,
406 953 512 1003 565),
542 954 673 993 solida
693 966 741 992 ac
761 954 846 993 sine
865 955 974 992 ina-ni
1002 954 1049 1004 (Ι,
1065 956 1152 995 487.
1167 956 1255 995 510.
1270 953 1381 1004 5382
1404 955 1610 993 individua

214 1013 317 1061 (Cic.
331 1013 395 1050 fin.
411 1013 443 1062 Ι,
459 1015 496 1063 6,
513 1013 589 1063 17),
618 1013 827 1051 insensilia
854 1014 1159 1064 (Lu01·.11‚865.
1177 1016 1263 1054 870.
1279 1015 1373 1064 888)
1400 1029 1451 1048 =
1477 1013 1606 1065 ἄτομα,

214 1072 347 1124 μεστὰ,
376 1074 512 1125 ἀμερῆ,
545 1073 667 1124 πλήρη
701 1074 764 1124 τὴν
793 1072 897 1125 φύσιν
925 1073 983 1112 καὶ
1009 1074 1074 1113 οὐκ
1101 1073 1233 1127 ἔχοντα
1261 1075 1358 1117 ὅπως
1384 1074 1408 1126 ἢ
1436 1074 1507 1126 ὅπη
1535 1075 1607 1113 δια-

214 1134 426 1183 λυθήσεται,
460 1134 607 1184 μόνιμα,
639 1135 797 1184 ἄτρεπτα
806 1166 814 1183 ,
851 1135 1084 1185 ἀμετάβλητα
1117 1137 1182 1184 (Ι).
1201 1138 1246 1175 L.
1265 1137 1324 1185 X,
1349 1137 1411 1174 41.
1437 1137 1498 1174 42.
1525 1136 1608 1184 ct,),

215 1193 425 1244 ἀσυμπαθῆ,
455 1193 579 1246 ἀπαθῆ
607 1194 736 1247 (Sext.
759 1196 847 1235 adv.
868 1196 980 1247 phys.
1001 1195 1077 1245 (X)
1098 1198 1133 1246 ξ.
1154 1197 1262 1247 318),
1291 1195 1461 1249 ἰσχύοντα
1487 1195 1607 1246 (D.L.

215 1256 267 1301 X,
277 1255 356 1306 41),
385 1258 515 1305 στερεά
542 1257 627 1305 (54)
656 1258 766 1306 (inde
796 1258 845 1306 ,,ἠ
862 1260 932 1294 τῶν
952 1257 1097 1306 ἀτόμων
1116 1259 1317 1308 στερεότης.
1335 1260 1397 1306 44,
1422 1257 1609 1307 στεῤῥότης

214 1317 319 1356 Plut.
340 1317 476 1356 moral.
498 1318 609 1368 1111,
637 1319 691 1366 A,
712 1316 821 1366 1116,
838 1316 900 1364 C.)
928 1316 969 1354 τὸ
998 1317 1198 1368 στερέμνιον
1229 1318 1276 1358 D.
1299 1319 1343 1357 L.
1367 1319 1429 1368 50,
1464 1317 1508 1354 τὰ
1531 1330 1607 1355 στε-

217 1378 339 1430 ρέμνια
357 1380 418 1419 46.
438 1402 489 1406 -
507 1379 707 1418 Universe
729 1379 924 1417 vocabulo
944 1378 1145 1428 στερέμνιον
1165 1380 1359 1429 Epicurus
1378 1380 1609 1419 resistentia

217 1453 391 1490 corpora
417 1441 584 1487 notavit,
615 1443 658 1476 ut
686 1439 736 1476 ab
762 1440 810 1477 iis
831 1439 1108 1489 distingueret,
1138 1453 1238 1490 quae
1259 1453 1432 1490 corpora
1451 1440 1608 1490 quidem

220 1515 312 1541 esse
343 1503 500 1552 aJebat,
530 1501 602 1540 scd
630 1501 787 1539 minime
815 1501 1048 1539 resistentia
1076 1502 1185 1539 velut
1212 1500 1346 1539 εἴδωλα
1372 1504 1413 1538 et
1439 1512 1610 1550 corpora

219 1565 384 1602 deorum
413 1565 467 1611 (v.
488 1562 601 1612 Epic.
624 1561 704 1611 περὶ
721 1560 803 1612 φύσ.
820 1561 959 1611 fragm.
974 1561 1041 1599 lib.
1062 1561 1113 1609 ΙΙ,
1135 1561 1210 1600 col.
1229 1562 1284 1608 3).
1313 1562 1445 1609 Quare
1466 1562 1610 1600 Cicero

218 1627 318 1673 (nat.
341 1624 452 1662 deor.
473 1624 503 1672 I,
527 1624 592 1671 18)
621 1624 821 1673 Vellejum
852 1624 910 1661 sic
937 1622 1088 1660 inducit
1113 1622 1361 1671 loquentem:
1391 1623 1611 1672 „Epicurus

216 1716 224 1724 .
248 1715 255 1722 .
279 1716 287 1723 .
318 1686 466 1723 doceat
494 1696 581 1721 cam
610 1697 701 1723 esse
729 1685 808 1721 vim
839 1688 879 1721 ct
906 1692 1085 1721 naturam
1106 1685 1268 1722 deorum
1290 1715 1298 1723 .
1320 1715 1328 1723 .
1350 1713 1358 1721 .
1378 1695 1453 1721 nco
1474 1683 1609 1722 solidi-

214 1750 298 1785 tate
328 1746 499 1796 quadam
524 1756 600 1782 nec
628 1745 678 1782 ad
706 1756 908 1782 numerum
936 1748 980 1782 ut
1006 1756 1065 1792 ea,
1095 1756 1195 1795 quac
1216 1745 1283 1783 ille
1309 1747 1477 1795 propter
1495 1743 1609 1781 firmi-

213 1812 338 1846 tatem
365 1806 550 1856 στερέμνια
577 1806 793 1855 appellat.“
880 1850 882 1852 ¹

320 1866 549 1905 Primordia
576 1870 717 1914 autem,
747 1878 863 1914 quum
893 1866 972 1905 sint
1001 1867 1112 1916 „sine
1140 1865 1275 1904 inani“
1302 1878 1383 1904 non
1409 1866 1612 1903 intereunt

216 1928 285 1977 (cf.
314 1926 355 1964 τὸ
385 1926 434 1977 μὴ
462 1927 526 1963 τοῦ
553 1928 657 1963 κενοῦ
686 1924 882 1977 ἄφθαρτον.
910 1926 1130 1965 Philodem.
1150 1940 1187 1976 p.
1207 1927 1291 1976 137,
1311 1926 1393 1965 tab.
1413 1926 1516 1975 122),
1544 1938 1610 1964 ne-

218 2002 294 2039 que
324 1987 510 2037 „mollia“
538 1990 710 2036 possunt
746 1999 856 2035 esse,
894 1988 1029 2036 qualia
1055 1988 1324 2038 Empedocles
1352 1991 1485 2038 putat;
1521 2000 1611 2025 nam

218 2049 380 2099 „mollia
409 2047 540 2086 omnia
566 2047 775 2086 Lucretius
804 2048 990 2096 „uativw‘
1020 2054 1061 2086 et
1088 2048 1274 2097 „mortali
1303 2061 1390 2087 cum
1417 2048 1612 2098 corpore“

218 2123 309 2150 esse
338 2109 435 2148 dicit
460 2107 509 2158 (l,
527 2107 673 2159 754)6).
704 2107 891 2147 Ceterum
918 2109 1126 2157 minimum,
1158 2110 1264 2159 quod
1293 2122 1414 2148 sensu
1441 2108 1611 2158 percipi-

304 2201 328 2240 Ι)
353 2199 552 2231 Lucretium
575 2198 782 2241 corpuscula
803 2197 862 2230 illa
884 2198 987 2230 etiam
1010 2198 1254 2241 glomeramina
1275 2207 1421 2231 vocasse
1437 2197 1525 2230 falso
1542 2207 1611 2230 mo-

217 2254 278 2283 net
302 2250 492 2283 Oreechius
516 2250 558 2281 ad
580 2249 700 2288 11,453
723 2249 788 2290 (ed.
811 2250 910 2292 Lips.
937 2250 1038 2290 1776),
1063 2250 1149 2282 Jure
1173 2250 1310 2291 quidem
1335 2250 1385 2280 vir
1406 2249 1465 2280 ille
1482 2249 1610 2280 doctis-

219 2302 336 2340 simus,
361 2311 463 2344 quum
486 2310 638 2334 versum:

322 2363 488 2396 „namque
510 2352 693 2394 papaveris
717 2352 861 2384 haustus
885 2352 967 2383 item
990 2353 1036 2384 'st
1057 2352 1171 2385 facilis
1196 2351 1296 2393 quasi
1318 2353 1502 2393 aquarum“

219 2415 295 2437 cum
324 2404 495 2435 Lambino
525 2402 701 2442 rejiceret,
733 2402 1022 2442 ‚‚glomerumina“
1052 2413 1128 2434 cum
1158 2401 1406 2443 „corpusculis
1425 2400 1612 2432 materiae“

218 2455 334 2499 potuit
357 2454 582 2497 conjungere.
626 2452 695 2485 Sed
717 2456 901 2496 postquam
924 2452 1168 2486 Lachmannus
1194 2461 1330 2485 versum
1352 2450 1446 2484 illum
1462 2450 1611 2483 retinen-

219 2508 297 2539 dum
332 2517 410 2539 esse
443 2504 704 2538 accuratissime
739 2504 1004 2542 demonstravit,
1044 2505 1161 2536 faeere
1195 2513 1262 2535 non
1299 2512 1499 2545 possumus,
1531 2502 1612 2544 quin

218 2557 509 2598 ,‚glomeramina“
534 2554 784 2594 conjungamus
808 2564 883 2585 cum
908 2554 1115 2596 „papaveris
1138 2554 1314 2586 haustus.“

301 2621 326 2661 ⁶)
349 2617 488 2649 Doceut
513 2615 692 2658 Epicurei,
718 2625 759 2646 ue
783 2614 959 2653 „funditus
982 2624 1091 2656 usque

465 2667 592 2701 debeat
616 2666 658 2698 ad
682 2667 783 2701 nilum
808 2667 873 2700 iam
897 2676 1007 2699 rerum
1031 2675 1161 2699 summa
1183 2666 1309 2700 reverti
