1804 2936
861 191 908 230 41

190 311 381 365 Epicurei
408 310 622 361 putabant,
661 310 710 349 ad
737 310 892 350 inferos
915 324 1014 351 vero
1040 325 1127 351 eam
1155 314 1329 353 transire
1356 313 1464 364 vulgi
1492 317 1581 353 erat

196 376 342 426 opinio,
396 372 551 411 Contra
576 371 747 421 Ennius,
783 376 905 421 poeta
938 373 1008 412 ille
1036 375 1277 422 clarissimus
1306 376 1378 414 sed
1406 376 1579 425 philoso-

195 436 295 486 phus
320 431 529 481 tenuis‚⁶3)
554 433 768 490 secundum
794 432 1046 484 Pythagorae
1075 435 1222 484 dogma
1246 436 1384 484 voluit,
1413 437 1581 474 animam

196 496 356 546 corpori
385 494 635 532 extrinsecus
660 493 864 532 insinuari.
915 494 1015 532 Nam
1044 495 1164 533 etiam
1186 496 1226 533 in
1246 497 1443 535 annalium
1464 498 1580 547 frgm.

195 571 233 596 v.
255 557 304 595 10
322 568 381 605 sq.
409 554 491 602 (ed.
508 553 683 599 Vahlen)
710 553 798 593 ille:

317 615 431 665 „Ova
456 614 591 664 parire
620 613 724 652 solet
748 625 874 662 genus
904 614 1034 663 pinnis
1064 617 1370 656 condecoratum

318 689 399 715 uon
427 675 614 714 animam:
642 677 684 712 et
710 678 806 724 post
830 673 923 712 inde
951 675 1059 714 venit
1086 676 1273 716 divinitus
1299 676 1421 727 pullis

317 736 407 786 ipsa
432 735 598 774 anima.“

301 796 383 834 Sed
417 799 460 833 ut
496 795 573 833 hoc
606 795 663 832 ita
690 794 778 843 fiat,
811 806 984 833 neeesse
1008 800 1073 835 est
1097 808 1177 834 non
1202 797 1327 842 solum
1349 798 1434 847 jam
1462 801 1583 835 antea

200 857 271 896 sed
307 869 467 907 semper
503 857 646 895 adesse
675 855 699 894 i.
729 867 763 895 e.
798 857 1059 901 immortalem
1090 858 1398 897 esse'animam.
1451 860 1583 908 Atque

199 918 445 956 confirmavit
470 917 620 954 Ennius
661 916 701 952 in
743 917 942 954 annalium
983 929 1139 955 suorum
1173 917 1391 967 principio,
1433 920 1498 956 ubi
1540 931 1583 957 se

200 980 298 1019 dicit
329 979 480 1018 vidisse
513 977 552 1015 in
590 976 737 1016 somnis
772 977 1005 1028 Homerum,
1039 978 1154 1029 hujus
1184 978 1351 1017 animam
1387 979 1585 1028 quondam

198 1042 238 1079 in
273 1052 430 1090 pavone
472 1039 597 1077 fuisse
637 1042 783 1088 postea
815 1051 911 1077 vero
949 1040 989 1077 in
1024 1052 1068 1078 se
1113 1041 1239 1090 ipsum
1278 1038 1586 1089 translata1n.⁶4)

197 1102 338 1151 Itaque
368 1112 447 1138 non
473 1099 649 1138 infacete
676 1098 839 1138 Persius
866 1099 904 1137 in
935 1100 1045 1139 satir.
1073 1100 1143 1148 VI,
1157 1100 1246 1139 v.9:

323 1160 429 1210 „Cor
454 1155 566 1210 jubet
591 1161 667 1199 hoc
694 1160 808 1210 Enni,
835 1165 1050 1211 postquam
1079 1162 1293 1201 destertuit
1320 1173 1412 1200 esse

323 1221 598 1270 ,‚Maeonides‚
627 1221 796 1267 Quintus
824 1233 980 1271 pavone
1009 1234 1060 1260 ex
1091 1221 1386 1272 Pythagore0.“

303 1282 491 1321 Ceterum
526 1284 631 1333 quod
669 1283 721 1321 ad
757 1283 912 1322 somnia
945 1283 1015 1321 illa
1039 1283 1223 1321 Enniana
1255 1282 1448 1333 pertinet,
1483 1283 1588 1333 apud

200 1343 425 1381 Lucretium
455 1355 610 1392 quoque
639 1343 817 1393 legimus,
843 1343 1012 1381 Ennium
1040 1344 1280 1382 credidisse:

384 1405 500 1444 „esse
529 1393 748 1432 Acherusia
774 1391 991 1443 templa65)

384 1511 501 1551 Unde
531 1514 607 1552 sibi
635 1515 815 1552 exortam
844 1526 1001 1565 semper
1026 1515 1205 1553 florentis
1231 1514 1399 1552 Homeri

386 1573 678 1613 Commemorat
704 1575 879 1625 speeiem
905 1575 1093 1614 lacrimas
1120 1575 1325 1614 effundere
1354 1574 1485 1613 salsas

387 1635 576 1685 coepisse
606 1640 647 1674 et
672 1648 802 1674 rerum
828 1638 1008 1673 naturam
1036 1636 1267 1688 expandere
1296 1634 1442 1673 dictis“

204 1694 250 1744 (Ι,
266 1694 369 1746 121.)
421 1693 482 1734 De
511 1696 650 1735 eadem
685 1710 730 1735 re
758 1696 903 1736 Cicero
932 1695 1063 1747 (acad⁴
1079 1710 1142 1747 qu.
1156 1696 1209 1746 II,
1227 1696 1286 1746 16,
1300 1695 1386 1744 51):
1415 1695 1590 1745 „Eadem

201 1755 308 1794 ratio
327 1760 392 1795 est
409 1758 667 1796 somniorum:
693 1769 785 1795 num
806 1769 950 1796 censes
974 1753 1156 1806 Ennium,
1184 1769 1270 1795 cum
1296 1756 1337 1794 in
1357 1756 1484 1795 hortis
1504 1768 1591 1794 cum

203 1815 289 1856 Ser.
316 1816 448 1856 Galba
473 1817 607 1857 vicino
636 1830 708 1857 suo
737 1816 1032 1866 ambulavisset,
1061 1816 1225 1865 dixisse,
1252 1815 1362 1855 visus
1390 1825 1473 1855 sum
1499 1816 1590 1854 mihi

205 1886 292 1915 cum
320 1877 451 1916 Galba
478 1876 711 1918 ambulare?
736 1872 804 1927 At,
834 1891 920 1917 cum
949 1877 1172 1925 somniavit,
1199 1877 1258 1915 ita
1284 1878 1479 1916 narravit:

551 1938 671 1979 Visus
697 1939 897 1978 Homerus
925 1938 1073 1977 adesse
1099 1940 1243 1987 poeta;

203 1998 385 2055 idemque
410 1999 450 2037 in
477 1999 738 2050 Epicharmo:

306 2058 408 2099 Nam
435 2061 602 2099 videbar
629 2061 829 2100 somniare
856 2072 918 2099 me
947 2063 990 2099 et
1020 2071 1096 2109 ego
1126 2071 1217 2098 esse
1245 2055 1502 2107 mortuumssss)
1541 2080 1591 2085 -

207 2125 249 2160 et
273 2123 315 2159 in
344 2122 497 2161 somnio
526 2122 726 2172 Scipionis
755 2135 789 2161 c.
819 2123 860 2162 12
896 2122 965 2171 „fit
992 2122 1093 2159 enim
1121 2121 1225 2169 fere,
1252 2123 1295 2157 ut
1322 2119 1615 2168 cogitationes,

208 2177 494 2232 sermonesque
523 2183 650 2221 nostri
677 2182 837 2233 pariant
863 2181 1013 2231 aliquid
1039 2182 1079 2219 in
1108 2191 1245 2218 somno
1272 2179 1365 2229 tale,
1394 2180 1511 2228 quale
1540 2180 1590 2217 de

206 2241 384 2282 Homero
412 2242 550 2282 scribit
576 2241 738 2292 Ennius,
767 2243 816 2282 d'e
845 2254 923 2292 quo
952 2239 1140 2281 videlicet
1167 2239 1401 2289 saepissime
1419 2239 1592 2288 vigilans

208 2300 367 2343 solebat
394 2303 574 2354 cogitare
603 2308 643 2342 et
670 2303 819 2354 loqui.“

293 2404 333 2445 '³5
354 2403 512 2443 mundis,
538 2403 666 2437 Gesch.
688 2404 719 2436 d.
738 2403 920 2436 Entwickl.
942 2402 973 2435 d.
999 2401 1126 2441 griech.
1148 2399 1212 2433 Ph.
1232 2398 1277 2438 II,
1300 2409 1333 2440 p.
1348 2397 1420 2431 247.

294 2456 334 2497 ⁸⁴)
358 2455 525 2498 Porphyr.
548 2455 581 2487 in
608 2454 731 2487 Horat.
753 2452 866 2496 ep.lI,
884 2453 959 2485 150:
998 2451 1129 2483 Ennius
1162 2450 1197 2482 in
1224 2449 1394 2491 principio
1423 2449 1594 2481 annalium

212 2516 351 2540 snorum
381 2506 515 2539 somnio
546 2514 584 2538 se
613 2503 758 2548 scripsit
787 2503 1011 2541 admonitum,
1048 2501 1150 2544 quod·
1167 2499 1353 2533 secundum
1375 2499 1595 2543 Pythagorae

211 2558 337 2601 dogma
361 2559 474 2591 anima
495 2556 637 2589 Homeri
659 2555 693 2587 in
716 2564 841 2598 corpus
866 2563 963 2586 suum
985 2553 1149 2586 venisset.
1166 2570 1200 2576 —
1226 2551 1411 2584 Scholiast.
1427 2551 1470 2584 ad
1483 2551 1596 2583 Persii

209 2611 274 2643 sat.
296 2606 360 2649 VI,
375 2606 406 2643 9'.

297 2655 336 2702 ⁰⁶)
363 2659 417 2693 De
438 2660 494 2692 his
520 2657 696 2701 ,temprm‘
717 2657 752 2689 in
773 2657 874 2699 parte
894 2655 1127 2698 mythologice.
1148 2654 1285 2687 locutus
1307 2663 1392 2703 sum.

294 2709 337 2751 “J
357 2711 402 2744 cf:
424 2708 617 2744 manem.
637 2706 809 2747 1137.ssss-
