1804 2936
873 219 920 259 21

212 345 348 391 ρουσῶν
384 344 446 380 τοῦ
473 342 582 393 πυρός
608 344 658 392 X,
675 342 752 393 66).
781 365 828 371 —
857 344 971 382 Haec
1000 344 1156 393 quidem
1184 355 1249 381 res
1278 354 1357 379 non
1386 340 1513 379 solum
1541 350 1591 377 co

210 403 420 452 probatur,
452 403 558 452 quod
584 407 716 441 mente
754 403 924 443 celerius
952 404 1048 442 nihil
1078 403 1288 451 invenitur,
1320 402 1392 441 sed
1421 400 1541 439 etiam

340 482 484 532 „quod,
513 483 747 532 simulatque
774 483 968 521 hominem
995 484 1066 522 leti
1094 495 1234 521 secura
1262 482 1373 533 quies
1402 484 1466 520 est

334 543 499 595 indepta
527 547 645 592 atque
673 543 793 581 animi
820 548 962 593 natura
989 545 1222 593 animaeque
1248 543 1430 592 recessit,

334 603 386 641 nil
414 603 470 641 ibi
496 602 659 641 libatum
687 604 737 641 de
764 607 851 642 toto
882 616 1051 654 corpore
1081 616 1224 643 cernas

336 664 388 702 ad
417 664 604 714 speciem,
633 664 688 702 nil
716 664 766 702 ad
796 664 950 714 pondus
978 665 1069 714 (ΙΙΙ,
1084 664 1183 713 211).

312 743 524 782 Hominem
559 745 660 782 enim
696 745 968 783 moribundum
995 745 1122 783 teuuis
1153 744 1346 794 quaedam
1382 754 1498 781 aura
1525 741 1592 779 de-

213 804 312 843 serit
337 805 462 842 mixta
490 817 577 844 cum
605 806 792 857 calore,
819 807 933 856 isque
962 807 1086 854 calor,
1105 810 1159 844 ·ut
1186 809 1250 844 est
1275 805 1313 842 in
1336 805 1420 854 ejus
1438 806 1593 850 natura,

211 865 333 902 trahit
361 872 526 903 aerem
561 866 650 913 (ΙΙΙ,
666 867 742 905 232
756 866 846 915 sq.).
918 867 980 904 Ita
1008 866 1069 915 fit,
1109 869 1151 904 ut
1177 865 1371 914 Epicurus
1407 861 1594 911 imprimis

211 923 409 973 triplicem
436 925 590 964 animae
618 929 743 976 ponat
769 930 969 976 naturam,
1006 927 1067 965 cui
1097 926 1215 964 etiam
1243 929 1421 975 quartum
1449 921 1597 971 aliquid

213 984 404 1035 adjungit.
449 985 550 1023 Nam
577 987 671 1035 vult,
702 987 867 1025 animam
890 991 1077 1026 constare
1095 988 1135 1025 in
1161 998 1278 1024 aura
1309 986 1392 1024 sive
1414 982 1597 1033 spiritu

214 1044 296 1083 sive
326 1048 473 1084 vento
502 1046 651 1085 vitali
678 1047 768 1096 (ΠΙ,
791 1048 865 1087 128
891 1061 942 1081 =
961 1047 1001 1085 ἐκ
1027 1047 1226 1098 πνεύματος
1253 1046 1337 1087 sive
1364 1042 1599 1094 πνευματικοῦ

212 1108 332 1153 τινος),
352 1117 372 1142 c
383 1117 405 1143 a
419 1106 526 1144 lore
544 1108 714 1156 quodam
729 1107 798 1157 (=
816 1106 858 1145 ἔκ
875 1121 965 1148 τινος
979 1108 1143 1158 θερμοῦ),
1174 1114 1286 1146 aere
1301 1105 1368 1157 (=
1384 1101 1599 1154 ἀερώδους),

213 1170 385 1214 quarta
412 1167 583 1216 denique
616 1168 812 1207 nominari
841 1182 941 1219 quae
970 1182 1047 1208 non
1074 1172 1212 1219 potest
1239 1167 1433 1218 qualitate
1461 1163 1530 1213 (=
1556 1160 1600 1199 ἔκ

212 1225 630 1276 τινοςάκατονομαστοό.
664 1229 768 1268 Plut.
790 1231 877 1268 adv.
899 1229 1031 1269 Golot.
1052 1230 1113 1267 24.
1132 1251 1183 1256 —
1201 1228 1317 1267 Lucr.
1340 1227 1412 1276 III,
1431 1224 1507 1264 232
1520 1221 1598 1272 sq.)

212 1307 261 1311 -—
287 1285 377 1324 Hac
401 1291 543 1336 quarta
570 1290 725 1338 quidem
755 1291 870 1329 homo
890 1290 1066 1340 judicat,
1105 1290 1297 1338 meminit,
1338 1290 1463 1330 amat,
1499 1283 1598 1332 odit,

217 1345 437 1395 intellegit,
483 1349 748 1389 ratiocinatur
785 1346 834 1400 (ᾧ
868 1352 972 1401 κρίνει
1006 1352 1063 1388 καὶ
1097 1349 1308 1400 μνημονεύει
1340 1347 1397 1384 καὶ
1423 1346 1521 1396 φιλεῖ
1543 1341 1601 1380 καὶ

214 1408 309 1455 μῑσεῗ
322 1406 380 1443 καὶ
398 1406 494 1449 ὅλως
514 1409 553 1447 τὸ
574 1408 741 1460 φρόνιμον
760 1410 817 1447 καὶ
847 1410 1040 1462 λογιστικόν
1067 1410 1170 1449 Plut.
1194 1407 1413 1457 Colotss24)‚
1442 1405 1596 1445 eadem-

216 1479 290 1516 que
320 1480 406 1506 cum
431 1470 596 1519 reliquis
625 1472 903 1521 angustissime
933 1472 1147 1521 conjuncta
1173 1469 1408 1520 principium
1435 1469 1499 1505 est
1522 1475 1599 1503 ma-

213 1528 356 1566 ximum
385 1529 469 1567 sive
498 1531 654 1568 anima
686 1531 872 1569 animae
899 1532 1056 1570 totius
1085 1526 1425 1580 (Luor.111,275).

316 1609 430 1648 Haec
466 1623 621 1661 quoque
655 1612 781 1661 prima
814 1612 854 1649 in
883 1612 999 1651 nobis
1028 1613 1170 1659 cietur,
1210 1610 1302 1648 inde
1331 1608 1443 1647 calor
1468 1608 1599 1644 motus

216 1670 362 1719 accipit
397 1675 438 1709 et
474 1684 588 1721 aura,
629 1671 721 1710 inde
758 1679 847 1722 aer,
889 1673 982 1711 inde
1018 1672 1191 1722 denique
1220 1671 1352 1710 omnia
1376 1669 1600 1707 moventur.

214 1730 340 1769 Addit
365 1732 520 1781 quidem
548 1731 749 1771 Stobaeus
783 1734 838 1781 (v.
860 1733 1025 1773 Creech,
1045 1734 1097 1772 ad
1115 1733 1231 1771 Lucr.
1250 1731 1322 1780 III,
1345 1730 1456 1779 289),
1497 1728 1601 1766 hanc

218 1800 309 1829 esse
335 1791 497 1842 Epicuri
528 1794 785 1833 sententiam:
818 1793 897 1843 ,,τὸ“
910 1793 973 1844 μὲν
1000 1794 1138 1844 πνεῦμα
1164 1793 1303 1843 κίνησιν,
1332 1790 1351 1828 ὁ
1371 1790 1413 1828 δὲ
1430 1788 1501 1839 ἀὴρ
1519 1788 1600 1838 ἠρε-

217 1850 316 1901 μίαν,
344 1852 385 1888 τὸ
411 1852 454 1890 ’δὲ
479 1853 612 1904 θερμὸν
640 1853 702 1903 τὴν
730 1853 941 1905 φαινομένην
967 1854 1171 1906 θερμότητα
1198 1855 1261 1891 τοῦ
1287 1851 1465 1903 σώματος,
1492 1848 1534 1886 τὸ
1559 1848 1603 1886 δὲ

216 1912 502 1962 ἀκατονομαστὸν
528 1915 591 1964 τὴν
619 1914 655 1951 ἐν
682 1915 764 1964 ἡμῖν
791 1914 929 1964 ἐμποιεῖ
953 1913 1139 1965 αἴσθησιν“
1169 1918 1209 1953 et
1224 1912 1461 1951 Plutarchus
1480 1910 1600 1959 (plac.

214 1972 279 2021 ph
290 1972 360 2019 IV,
371 1974 413 2016 3)
440 1974 573 2023 tradit,
603 1975 814 2024 Epicurum
842 1978 1020 2024 putasse,
1050 1975 1219 2014 animam
1238 1985 1329 2013 esse
1358 1985 1430 2022 „xp
1442 1984 1529 2022 αμα
1556 1969 1603 2007 ἐκ

214 2035 467 2084 τεσσάρων,
496 2033 537 2071 ἐκ
564 2036 667 2071 ποιοῦ
695 2034 894 2084 πυρώδους,
922 2032 1080 2073 ἐκποιοῦ
1100 2035 1295 2085 ἀερώδους,
1325 2032 1364 2070 ἐκ
1382 2032 1484 2070 ποιοῦ
1498 2043 1602 2069 πνευ-

142 2091 150 2104 “
215 2095 373 2142 ματικοῦ,
402 2093 442 2131 ἐκ
469 2094 641 2145 τετάρτου
669 2093 970 2145 ἀκατονομάστου,
1000 2093 1019 2132 ὃ
1046 2094 1089 2146 ἦν
1117 2094 1216 2146 αὐτῷ
1245 2092 1460 2145 αἰσθητικόν.

315 2175 429 2213 Nunc
469 2176 699 2226 priusquam
741 2177 791 2215 ad
831 2181 998 2216 mortem
1033 2177 1162 2226 ipsam
1195 2174 1427 2222 transimus,
1471 2182 1602 2221 pauca

216 2235 340 2273 etiam
369 2236 419 2274 de
448 2237 579 2274 anima
602 2240 795 2275 nascente
824 2241 864 2275 et
889 2237 1084 2276 moriente
1113 2233 1518 2275 commemorabimus.

317 2317 489 2355 Primum
521 2318 624 2356 enim
651 2318 861 2357 Lucretius
889 2319 963 2357 ait:

306 2428 313 2436 .
345 2427 353 2436 .
382 2399 548 2448 „gigni
580 2398 771 2449 paliter
796 2411 882 2437 cum
912 2411 1081 2449 corpore
1110 2403 1157 2437 et
1183 2410 1272 2437 una

267 2472 500 2498 crescere
530 2460 718 2499 sentimus
744 2460 1034 2510 pariterque
1061 2470 1328 2499 senescere
1349 2456 1575 2496 mentem“

209 2516 304 2570 (111,
318 2516 425 2570 445),
454 2521 589 2571 itaque
617 2520 726 2558 nullo
754 2521 873 2560 modo
900 2522 1244 2570 „extrinsecus
1273 2530 1365 2558 csse
1388 2517 1598 2557 insinua

213 2581 339 2619 tam“
366 2583 465 2631 (111,
481 2578 567 2620 671.
583 2580 669 2619 689.
685 2580 772 2620 698
790 2582 876 2620 722
891 2582 964 2620 738
979 2582 1062 2630 ct).
1126 2581 1209 2618 Fac
1236 2590 1333 2618 vero
1359 2579 1438 2617 hoc
1465 2581 1598 2619 tamen

214 2642 271 2679 ita
299 2642 401 2689 fieri,
445 2645 486 2679 ut
523 2641 745 2679 moribundi
779 2642 946 2680 hominis
975 2642 1102 2679 anima
1129 2642 1168 2679 in
1198 2640 1371 2690 cujusvis
1400 2639 1500 2678 alius
1534 2651 1597 2676 nav

215 2703 367 2741 scentis
395 2710 541 2751 colpus
571 2702 738 2752 irrepat:
766 2702 833 2740 ubi
861 2706 924 2742 est
949 2703 1109 2741 tandem
1137 2706 1257 2753 „ante
1277 2705 1455 2741 actarum
1470 2710 1601 2741 rerum.
