1804 2936
888 171 938 213 26

319 293 517 334 Heracliti
549 292 715 344 Ephesii
758 296 971 335 sententiis
1012 295 1200 335 refutatis
1240 295 1450 337 Lueretius
1491 298 1611 337 etiam

213 358 316 398 alios
345 357 551 409 quosdam,
581 356 646 407 qui
676 368 790 395 unum
814 369 945 397 rerum
960 358 1196 409 principium
1217 362 1455 410 statuerunt,
1483 358 1608 410 philo-

212 420 362 471 sophos
393 418 639 471 aggrediens
670 419 744 459 ait:
903 453 909 456 .

264 482 437 533 (Ι,707);
474 481 551 532 „Et
587 482 652 532 qui
687 481 923 532 principium
971 481 1187 533 gignundis
1229 488 1326 522 aera
1360 483 1483 521 rebus

459 543 720 592 constituere,
755 546 822 582 aut
848 555 1024 582 umorem
1053 543 1276 593 quicunque
1313 547 1507 594 putarunt

457 603 610 654 fingere
637 616 704 643 res
733 604 862 655 ipsum
893 617 966 655 per
993 616 1058 654 se,
1099 608 1299 644 terramve
1334 616 1475 643 creare

459 665 592 704 omnia
628 669 669 704 et
702 666 742 704 in
771 678 902 705 rerum
931 669 1096 705 naturas
1116 666 1266 705 vertier
1296 665 1436 714 omnis,

458 738 603 776 magno
626 737 749 776 opere
780 738 804 764 a
825 739 922 765 vero
950 726 1073 776 longe
1101 726 1288 766 derrasse
1317 726 1538 766 videntur“.

310 787 482 825 Primum
516 787 634 837 igitur
662 788 946 826 Anaximenem
976 787 1173 827 Milesium
1213 800 1237 826 a
1269 792 1394 839 poeta
1420 788 1605 828 denotari

208 848 295 897 quis
325 852 388 886 est
417 848 481 897 qui
510 861 591 886 non
620 849 782 887 videat?
810 849 884 887 Ille
902 849 1059 898 quidem
1075 848 1228 889 docuit:
1257 849 1375 901 ἀρχὴν
1399 851 1469 887 τῶν
1492 848 1604 888 ὄντων

208 908 316 958 ἀέρας
354 908 394 946 ἐκ
430 907 497 959 γὰρ
526 908 654 946 τούτου
682 908 726 946 τὰ
751 910 866 948 πάντα
893 909 1062 959 γίνεσθαι,
1091 909 1148 947 καὶ
1175 909 1226 951 εἰς
1252 910 1359 950 αὐτὸν
1387 911 1492 949 πάλιν
1520 910 1601 949 ἄνα-

207 969 358 1007 λύεσῦαι
376 970 478 1008 Plut.
499 970 602 1019 plac.
625 970 718 1019 phil.
734 970 765 1018 I,
780 971 834 1019 3),
866 971 946 1011 vel:
977 970 1092 1021 ἀρχὴν
1121 969 1211 1021 ἀέρα
1225 970 1285 1008 τὸν
1303 969 1449 1022 ἄπειρον
1468 971 1603 1022 (Diog.

206 1031 339 1070 Laert.
361 1030 480 1080 11‚3)‚
511 1031 593 1070 vel:
623 1031 687 1081 τὴν
715 1034 786 1068 τῶν
815 1030 909 1069 ὅλων
939 1030 1052 1082 ἀρχὴν
1084 1033 1147 1069 τὴν
1177 1030 1266 1083 ἀέρα
1295 1063 1303 1071 .
1325 1064 1334 1073 .
1351 1064 1360 1083 ,
1389 1031 1446 1070 καὶ
1478 1033 1603 1070 τοῦτον

207 1091 292 1129 εἶναι
319 1094 371 1142 τῷ
394 1091 457 1141 μὲν
473 1090 565 1140 γένει
593 1090 749 1142 ἄπειρον,
776 1094 850 1132 ταῖς
870 1092 910 1129 δὲ
937 1091 1016 1142 περὶ
1042 1091 1150 1130 αὐτὸν
1177 1092 1357 1144 ποιότησιν
1382 1092 1602 1144 ιὶ>ριειμεένονιι

206 1153 328 1203 (Plut.
361 1164 422 1203 ap.
452 1152 597 1192 Euseb.
628 1165 766 1204 praep.
797 1152 1069 1203 evang.1,8):
1098 1153 1138 1192 id
1168 1154 1273 1204 quod
1296 1153 1439 1195 Cicero
1468 1155 1600 1205 (acad.

206 1229 268 1264 qu.
285 1216 354 1263 lV,
371 1215 533 1263 37,118)
570 1215 628 1252 sic
656 1215 796 1253 vertit:
832 1214 1047 1263 „infinitum
1076 1227 1210 1253 aerem
1247 1217 1320 1266 [sc.
1350 1228 1442 1254 esse
1470 1228 1494 1255 a
1523 1228 1599 1266 quo

205 1276 338 1314 omnia
366 1274 659 1326 gignerentur]‚
698 1275 769 1314 sed
801 1287 859 1324 ea,
897 1287 999 1325 quae
1036 1287 1085 1315 ex
1120 1288 1169 1316 eo
1199 1276 1397 1316 orirentur
1425 1276 1599 1316 definita.

204 1338 316 1375 ldem
360 1348 455 1375 vero
497 1349 613 1386 quum
653 1337 733 1374 alio
774 1337 867 1374 loeo
913 1340 1013 1383 (nat.
1052 1338 1163 1377 deor.
1191 1338 1222 1386 1,
1241 1338 1299 1386 10,
1315 1338 1382 1387 26)
1425 1338 1599 1378 diceret:

204 1398 500 1447 „Anaximenes
530 1390 626 1435 aera
653 1397 769 1435 deum
790 1396 929 1435 statuit
951 1397 1053 1435 ete.“
1084 1419 1130 1424 —
1158 1398 1197 1436 in
1225 1411 1303 1437 non
1321 1399 1514 1438 minorem
1541 1399 1597 1437 in-

207 1460 266 1498 dit
294 1471 483 1507 errorem,
514 1471 630 1508 quam
659 1459 814 1508 posteri
842 1457 999 1508 quidam
1020 1457 1287 1509 auetores23).
1337 1459 1440 1498 Nam
1461 1472 1598 1499 omnes

203 1533 333 1560 rerum
363 1531 506 1560 causas
542 1519 810 1559 Anaximenes
849 1521 933 1559 aeri
968 1520 1118 1569 tribuit,
1154 1532 1236 1558 non
1272 1532 1369 1559 vero
1406 1532 1538 1559 aerem
1575 1532 1600 1558 a

204 1584 279 1623 diis
308 1584 458 1622 factum
487 1581 558 1621 sed
576 1581 690 1631 ipsos
714 1581 808 1620 illos
830 1594 881 1620 ex
901 1594 996 1620 aere
1016 1584 1128 1621 ortos
1152 1579 1404 1631 credidit24).

305 1644 461 1682 Deinde
497 1643 708 1681 Lueretius
746 1655 863 1692 quum
900 1654 971 1681 eos
1007 1642 1285 1692 reprehendit,
1322 1643 1385 1692 qui
1422 1654 1599 1681 umorem

201 1707 226 1744 i.
256 1706 290 1744 e.
321 1716 465 1754 aquam
494 1716 623 1741 rerum
642 1703 879 1753 principium
910 1715 1000 1742 esse
1029 1703 1253 1751 voluerunt,
1280 1702 1472 1753 imprimis
1492 1702 1597 1741 Tha-

200 1767 321 1804 letem
348 1765 548 1803 Milesium
578 1764 735 1802 videtur
764 1764 1002 1815 significare.
1055 1764 1088 1802 E
1116 1763 1248 1801 multis
1277 1763 1379 1801 enim
1399 1763 1479 1802 illis
1500 1764 1597 1801 anti-

202 1827 267 1877 qui
296 1826 493 1876 temporis
520 1825 690 1863 testibus
725 1825 801 1864 hoc
839 1825 931 1863 loeo
966 1824 1084 1863 nobis
1119 1824 1217 1863 satis
1247 1828 1309 1863 est
1337 1824 1597 1863 Aristotelem

199 1888 396 1938 proferre,
427 1886 492 1937 qui
521 1887 647 1925 dixit?
669 1885 792 1936 Θαλῆς
819 1885 882 1936 μὲν
909 1885 928 1923 ὁ
949 1888 1012 1936 τῆς
1029 1885 1193 1935 τοιαύτης
1212 1884 1372 1935 ἀρχηγὸς
1390 1884 1598 1936 φιλοσοφίας

199 1949 298 1998 ὕδωρ
327 1947 413 1985 εἶναι
441 1948 633 1997 (στοιχεῖον
662 1946 719 1984 καὶ
734 1945 850 1996 ἀρχὴν
867 1948 937 1983 τῶν
953 1945 1096 1994 ὄντων).
1133 1947 1306 1996 metaph.
1326 1946 1356 1993 I,
1372 1946 1459 1984 983.
1474 1947 1510 1994 b,
1534 1946 1596 1984 20.

199 2031 248 2035 -
276 2009 425 2058 Injuria
451 2011 582 2045 antem
611 2011 652 2045 et
679 2007 715 2044 in
747 2007 916 2045 maximo
947 2019 1083 2045 errore
1113 2009 1297 2045 versatus
1325 2005 1469 2044 Cicero
1499 2007 1596 2054 (nat.

198 2070 311 2107 deor.
349 2068 558 2117 1‚1o,25):
595 2067 744 2104 Thales
772 2068 973 2115 Milesius,
1009 2067 1155 2116 inquit,
1193 2078 1335 2115 aquam
1371 2067 1471 2104 dixit
1504 2078 1596 2105 esse

197 2127 350 2167 initium
388 2140 538 2177 rerum,
581 2127 697 2165 deum
740 2131 872 2165 autem
915 2140 1001 2165 eam
1036 2130 1227 2174 mentem,
1268 2139 1369 2177 quae
1406 2139 1455 2165 ex
1492 2139 1597 2177 aqua

198 2194 343 2228 cuncta
382 2190 564 2238 fingeret.
628 2187 730 2225 Nam
768 2188 871 2225 idem
911 2188 1157 2227 Aristoteles
1195 2188 1383 2237 (metaph.
1402 2189 1443 2237 *I‚
1458 2189 1494 2227 3.
1508 2188 1595 2235 984,

197 2263 232 2299 a,
255 2251 315 2290 27.
334 2251 372 2299 b,
395 2248 481 2299 15):
510 2253 676 2299 praeter
703 2249 988 2300 Anaxagoram
1018 2255 1059 2288 et
1072 2248 1358 2287 Hermotimum
1387 2246 1440 2298 (P)
1465 2260 1596 2299 quem-

197 2324 314 2361 quam
343 2311 707 2360 antiquissimorum
727 2311 1056 2360 philosophorum
1085 2314 1260 2349 mentem
1279 2310 1464 2360 divinam,
1493 2321 1594 2359 quae

194 2442 336 2483 gloria
369 2451 412 2472 ex
444 2441 659 2473 obscuritate
690 2441 779 2482 apud
814 2442 965 2473 inanes
1001 2441 1154 2473 homines
1179 2443 1279 2482 parta.
1306 2440 1469 2483 loquens,
1505 2439 1607 2471 idem‘

197 2493 318 2524 sensit.

278 2543 318 2583 ²³)
344 2552 374 2574 v.
398 2541 523 2574 Zeller.
546 2552 580 2583 p.
600 2542 656 2573 180
678 2545 794 2575 annot.
811 2542 838 2573 3.

280 2594 320 2633 2⁴)
344 2592 564 2634 Augustinus
580 2611 619 2615 —
636 2593 693 2634 qui
717 2593 847 2634 antiqui
874 2592 1072 2635 philosophi
1096 2592 1302 2624 sententiam
1327 2601 1425 2634 quam
1449 2599 1591 2623 accura—

191 2644 326 2676 tissime
343 2644 563 2684 expressisse
582 2643 716 2683 videtur
731 2662 769 2666 —
793 2643 835 2673 de
854 2643 958 2675 (livit.
973 2643 1028 2674 dei
1050 2643 1144 2682 VIII,
1161 2642 1191 2674 2.
1215 2662 1239 2665 ->
1265 2642 1445 2683 Origenes,
1468 2640 1592 2682 philos·

147 2702 152 2710 ¹
190 2694 218 2733 1,
245 2694 291 2727 1⁴2.
314 2712 353 2717 —-
378 2704 407 2726 v.
433 2693 578 2725 Krische
603 2694 889 2735 „Forschunge11“
914 2694 940 2732 Ι,
959 2694 998 2726 55
1011 2694 1033 2726 f.
