1804 2936
890 163 940 202 33

329 286 512 336 Denique
538 285 740 324 versibusz

278 347 449 398 (1,770):
480 346 541 385 sin
568 345 625 384 ita
649 345 756 384 forte
784 349 899 395 putas
929 346 1034 396 ignis
1063 349 1276 399 terraeque
1307 348 1417 388 coire

471 418 616 455 corpus
644 410 686 443 et
712 406 843 444 aerias
871 419 986 444 auras
1014 420 1224 459 roremque
1250 409 1432 460 liquoris,

470 467 527 505 nil
551 467 592 504 in
621 467 793 505 concilio
821 471 1001 506 naturam
1030 471 1074 506 ut
1100 472 1226 508 mutet
1255 481 1391 508 eorum
1418 492 1468 497 —

228 533 351 578 poeta
379 529 420 565 id
448 528 565 577 dicit,
603 529 709 576 quod
735 528 1233 581 Empedoclem'docuisse
1261 542 1348 568 cum
1375 531 1617 569 Aristoteles

227 588 433 627 confirmat
459 591 540 627 tum
568 588 758 626 Galenus.
811 587 889 626 Hic
919 589 1077 638 quidem
1103 590 1141 628 in
1170 590 1368 641 Hippocr.
1397 591 1447 629 de
1475 594 1618 629 natura

225 650 326 687 hom.
355 649 420 698 I‚2
448 648 571 696 (Schl.
593 649 638 687 T.
660 648 750 697 XV,
772 649 822 687 32
849 648 985 694 Kuhn)
1013 650 1088 690 ait:
1125 648 1254 700 ,,Ἐμπ,
1289 651 1325 693 ἐξ
1359 651 1618 702 ἀμεταβλήτων

226 712 295 747 τῶν
324 710 501 759 τεττάρων
528 708 711 759 στοιχείων
736 709 854 758 ἡγεῖτο
872 709 1050 758 γίγνεσθαι
1069 709 1134 759 τὴν
1153 712 1225 747 τῶν
1243 710 1423 749 συνθέτων
1442 713 1618 761 σωμάτων

226 770 343 822 φύσιν,
378 770 491 811 οὕτως
527 768 817 820 ἀναμεμιγμένων
846 769 1019 820 ἀλλήλοις
1045 773 1115 808 τῶν
1138 771 1311 821 πρώτων,
1338 774 1388 812 ὡς
1415 772 1494 813 εἴτις
1518 774 1618 810 λειώ-

228 845 294 871 σας
322 831 474 882 ἀκριβῶς
500 832 558 868 καὶ
586 831 731 881 χνοώὸη
760 832 910 881 ποιήσας
937 831 989 868 ἰὸν
1017 831 1075 869 καὶ
1100 831 1259 882 χαλκίτιν
1285 832 1343 869 καὶ
1368 834 1535 883 καδμείαν
1562 835 1619 871 καὶ

227 890 308 939 μισὺ
328 891 454 942 μίΕειεν
468 894 518 934 ὥς
533 892 643 943 μηδὲν
659 891 694 933 ἐξ
713 891 828 929 αὐτῶν
845 891 1017 930 δύνασθαι
1031 892 1341 944 μεταχειρίσασθαι
1355 894 1466 944 χωρὶς
1483 894 1618 945 ἑτέρου.

228 954 472 992 Aristoteles
509 958 638 991 autem
670 955 778 1003 (gen.
816 956 857 990 et
891 965 992 991 corr.
1021 954 1073 1002 II,
1089 955 1122 992 7.
1139 954 1253 999 334st
1288 953 1431 994 ἐκείνοις
1460 954 1527 1003 γὰρ
1550 958 1621 994 τοῖς

227 1013 387 1064 λέγουσιν
420 1014 542 1064 ὥσπερ
573 1011 825 1064 Ἐμπεδοκλῆς
857 1013 906 1054 τίς
941 1012 1041 1051 ἔσται
1075 1013 1205 1064 τρόπος
1241 1014 1319 1063 (τῆς
1351 1014 1524 1064 γενέσεως
1551 1017 1620 1051 τῶν

226 1075 441 1125 σωμάτων);
490 1075 623 1124 ἀνάγκη
657 1074 725 1123 γὰρ
761 1074 921 1112 σύνθεσιν
964 1072 1050 1112 εἶναι
1094 1075 1257 1126 καθάπερ
1300 1076 1340 1113 ἐκ
1374 1076 1531 1113 πλίνθων
1565 1075 1621 1113 καὶ

228 1137 344 1173 λίθων
372 1138 508 1186 τοῖχος.
528 1135 594 1172 ,καὶ
620 1137 660 1172 τὸ
688 1137 797 1185 μῖγμα
827 1134 867 1171 δὲ
891 1137 994 1172 τοῦτο
1023 1134 1062 1172 ἐκ
1089 1136 1301 1185 σωζομένων
1329 1136 1392 1186 μὲν
1421 1135 1521 1172 ἔσται
1549 1137 1619 1173 τῶν

231 1196 425 1247 στοιχείων,
454 1194 545 1233 κατὰ
568 1192 674 1245 μίκρὰ
699 1195 739 1232 δὲ
767 1193 842 1245 παρ’
874 1194 1019 1247 ἄλληλα
1046 1196 1296 1247 συγκειμένων.

329 1259 403 1298 His
424 1256 604 1296 omnibus
625 1256 880 1306 Empedoclis
906 1258 1134 1307 praeceptis
1158 1259 1377 1297 confutatis
1396 1258 1619 1307 Lucretius,

231 1324 275 1358 ut
301 1321 570 1368 Anaxagorae
599 1317 840 1355 Clazomenii
870 1318 1089 1356 doctrinam
1119 1325 1343 1369 oppugnet:

279 1381 327 1431 (Ι,
337 1380 446 1429 830):
475 1379 600 1426 Nunc,
617 1379 710 1426 (ait)
724 1382 767 1415 ut
779 1378 1047 1429 Anaxagorae
1064 1384 1282 1418 scrutemur
1295 1380 1619 1418 homoeomerian

473 1452 588 1489 quam
616 1440 713 1478 Grai
738 1443 960 1477 memorant
986 1452 1060 1478 nec
1089 1443 1232 1479 nostra
1262 1441 1397 1479 dicere
1425 1441 1563 1490 lingua

475 1501 663 1538 concedit
690 1500 805 1538 nobis
834 1499 954 1549 patrii
981 1500 1176 1538 sermonis
1206 1506 1381 1551 egestas,

475 1561 547 1600 sed
573 1564 707 1599 tamen
733 1561 861 1610 ipsam
891 1572 972 1599 rem
1001 1561 1162 1601 facilest
1190 1574 1394 1613 exponere
1421 1562 1567 1612 verbis,

473 1622 684 1672 principio,
712 1635 841 1660 rerum
871 1634 989 1671 quom
1018 1621 1115 1659 dicit
1143 1622 1478 1671 homoeomerian,

477 1695 572 1721 ossa
598 1682 788 1721 videlicet
812 1694 833 1720 e
863 1682 1047 1733 pauxillis
1074 1686 1192 1733 atque
1219 1683 1380 1721 minutis

477 1744 635 1783 ossibus
665 1744 730 1781 hic
759 1752 801 1782 et
829 1744 878 1781 de
904 1744 1091 1793 pauxillis
1120 1749 1243 1795 atque
1270 1745 1430 1784 minutis

472 1805 694 1844 visceribus
722 1805 855 1843 viscus
884 1805 995 1855 gigni
1022 1834 1031 1842 .
1060 1834 1068 1842 .

474 1939 525 1964 ex
553 1927 715 1975 aurique
743 1930 858 1975 putat
885 1927 995 1966 micis
1025 1927 1250 1966 consistere
1279 1939 1402 1977 posse

475 2000 611 2025 aurum
639 2000 672 2036 e,
702 2001 738 2037 q.
764 2000 794 2027 s.

280 2047 447 2099 (1‚843):
474 2048 559 2086 Nec
587 2053 722 2086 tamen
750 2060 841 2088 esse
868 2048 951 2087 ulla
969 2048 1073 2087 idem
1095 2061 1145 2087 ex
1162 2055 1278 2099 parte
1298 2049 1335 2086 in
1356 2049 1476 2087 rebus
1497 2048 1615 2085 inane

473 2110 671 2160 concedit,
700 2122 828 2160 neque
859 2112 1094 2161 corporibus
1122 2110 1240 2149 finem
1271 2122 1361 2149 esse
1391 2110 1592 2149 secandis.

473 2183 595 2219 quare
623 2171 664 2208 in
692 2176 860 2222 utraque
887 2172 980 2209 mihi
1009 2172 1161 2221 pariter
1187 2170 1342 2208 ratione
1372 2170 1529 2208 videtur

473 2244 608 2270 errare
639 2237 757 2283 atque
784 2232 855 2282 illi,
885 2245 1004 2283 supra
1034 2244 1135 2282 quos
1164 2232 1330 2270 diximus
1362 2235 1468 2269 ante.

331 2303 378 2340 In
414 2303 555 2353 quibus
600 2304 799 2354 dogmatis
845 2303 1151 2341 considerandis
1185 2302 1394 2340 Lucretius
1438 2302 1618 2351 eandem,

230 2374 309 2412 qua
341 2358 459 2401 etiam
500 2363 565 2401 alii
600 2369 784 2402 auctores
820 2363 882 2402 usi
920 2367 1026 2413 sunt,
1062 2364 1258 2401 rationem
1294 2363 1350 2401 ita
1372 2362 1548 2411 adhibet,
1578 2366 1621 2401 ut

228 2423 295 2461 vel
322 2424 540 2462 eorundum
576 2424 844 2474 exemplorum
881 2425 1027 2463 auxilio
1065 2422 1130 2463 res
1159 2424 1352 2462 declaret.
1404 2423 1507 2461 Nam
1534 2424 1620 2463 Ari-

230 2485 399 2524 stoteles
422 2485 471 2524 de
491 2498 581 2536 gen.
604 2490 654 2524 et.
675 2489 851 2536 corrupt.
872 2486 903 2534 I,
920 2487 952 2535 1,
968 2486 1061 2525 314:
1081 2486 1100 2523 ὁ
1120 2486 1183 2536 μὲν
1197 2508 1247 2514 ——
1261 2485 1451 2536 inquit—
1465 2484 1622 2534 (Ἀναὲ.)

228 2544 274 2582 τὰ
301 2545 497 2596 ὁμοιομερῆ
524 2548 683 2597 στοιχεῖα
710 2546 843 2596 τίθησιν
871 2546 942 2584 οἷον
970 2546 1097 2584 ὀστοῦν
1115 2546 1173 2583 καὶ
1191 2547 1309 2596 σάρκα
1325 2545 1383 2583 καὶ
1404 2549 1476 2583 τῶν
1494 2545 1621 2584 ἄλλων

229 2605 280 2643 ὧν
307 2605 458 2645 ἑκάστου
485 2608 690 2658 συνώνυμον
719 2607 793 2658 (sc.
819 2609 871 2658 τῷ
899 2606 995 2657 ὅλῳ)
1021 2609 1061 2644 τὸ
1087 2605 1194 2658 μέρος
1213 2606 1321 2657 ἐστίν;
1349 2607 1399 2646 de
1416 2608 1532 2647 coelo
1548 2607 1619 2656 ΠΙ,

231 2666 269 2717 3,
282 2667 377 2709 302:
406 2666 649 2719 Ἀναξαγόρας
675 2697 684 2707 .
713 2699 722 2708 .
752 2698 761 2707 .
790 2667 886 2718 λέγει
917 2668 997 2720 περὶ
1029 2670 1100 2707 τῶν
1136 2668 1322 2720 στοιχείων
1357 2698 1367 2707 .
1397 2699 1407 2709 .
1437 2700 1446 2709 .
1474 2669 1519 2706 τὰ
1551 2667 1619 2719 γὰρ

1350 2734 1374 2767 5
