1804 2936
864 213 910 253 31

200 339 333 392 potius
347 337 544 377 Heracliti
559 336 781 377 doctrinam
799 337 955 375 videtur
971 336 1186 387 respicere,
1209 337 1257 376 de
1273 350 1350 388 qua
1365 337 1446 387 jam
1464 350 1587 389 supra

199 399 496 452 disputavimus.
549 398 651 438 Nam
677 397 943 448 Empedocles
981 398 1133 448 docuit,
1170 411 1220 438 ex
1247 400 1452 450 permixtis
1481 400 1586 438 inter

200 474 243 501 se
277 459 502 511 primordiis
537 459 701 509 primum
737 470 886 507 aerem,
928 458 1073 498 deinde
1109 459 1261 509 ignem,
1302 464 1382 498 tum
1423 464 1584 510 terram,

200 521 371 571 denique
409 531 548 570 aquam
584 523 801 569 segregata
836 517 1006 568 esse.3⁹)
1058 519 1122 557 Ad
1156 519 1257 558 hunc
1285 524 1416 559 autem
1443 532 1585 560 versus

198 585 398 634 spectant,
426 580 492 631 qui
519 582 613 630 post
638 579 767 618 locum
795 592 917 630 supra
943 581 999 630 (p.
1015 578 1081 629 30)
1113 580 1272 618 citatum
1301 581 1506 631 leguntur:

248 642 419 693 (I,742):
447 641 613 692 primum
641 640 746 690 quod
774 644 904 679 motus
932 644 1118 690 exempto
1145 641 1266 680 rebus
1292 642 1400 680 inani

444 702 689 742 constituunt
716 705 758 740 et
783 714 849 740 res
876 701 1006 740 mollis
1034 714 1223 751 rarasque
1252 702 1490 752 relinquent,

443 769 550 812 aera,
579 762 716 813 solem,
743 762 889 813 ignem,
917 767 1057 811 terras,
1088 762 1283 811 animalia,
1314 763 1460 814 fruges,

441 836 515 864 nec
543 829 676 863 tamen
705 824 929 863 admiscent
952 823 991 862 in
1021 835 1155 863 eorum
1186 836 1331 874 corpus
1359 825 1489 865 inane.

299 886 566 937 Empedocles
596 885 696 924 enim
723 897 839 934 quum
872 884 1004 922 omnia
1029 884 1087 922 ita
1112 884 1224 934 gigni
1253 885 1495 936 dissolvique
1516 899 1583 937 pu-

196 952 320 998 taret,
354 951 397 986 ut
437 946 739 998 generationem
779 944 875 983 nihil
909 944 1029 997 aliud·
1050 957 1166 995 quam
1206 949 1355 984 certam
1389 948 1584 997 quandam

196 1010 482 1049 elementorum
516 1007 837 1058 permixtionem,
878 1009 1047 1044 mortem
1083 1017 1178 1044 vero
1215 1006 1422 1045 mixtarum
1456 1020 1585 1046 rerum

197 1069 501 1118 dissolutionem
536 1080 628 1107 esse
665 1068 819 1105 diceret
846 1067 1006 1116 (fragm.
1034 1079 1070 1105 v.
1091 1066 1140 1105 98
1161 1079 1245 1116 sqq.
1276 1067 1326 1105 70
1345 1080 1432 1118 sqq.
1460 1068 1587 1106 Mun.-

195 1132 317 1171 Arist.
346 1130 517 1180 metaph.
545 1130 577 1167 I.
591 1130 626 1168 3.
641 1128 740 1176 9843
771 1128 819 1165 de
849 1139 975 1177 gener
1002 1130 1043 1164 et
1071 1138 1172 1166 corr.
1200 1127 1302 1177 11‚6,
1319 1127 1439 1179 init),
1475 1129 1584 1178 quid·

197 1204 314 1242 quam
349 1203 514 1242 prorsus
552 1189 716 1228 interire
744 1188 930 1238 negavit;
959 1191 1176 1237 praeterea
1204 1192 1335 1227 autem
1362 1189 1459 1228 nihil
1487 1190 1588 1229 dixit

193 1253 357 1291 interire
385 1263 520 1302 posse,
549 1250 641 1300 quia
668 1249 763 1288 nihil
791 1250 843 1287 sit
869 1249 1000 1298 inane,
1029 1249 1066 1286 in
1097 1250 1203 1298 quod
1232 1254 1414 1291 mutetur.
1460 1251 1582 1291 Immo

195 1308 383 1364 quidquid
424 1313 511 1361 fiat,
557 1324 714 1362 semper
748 1310 864 1348 aliam
899 1311 939 1347 in
985 1310 1100 1348 aliam
1140 1323 1222 1349 rem
1263 1313 1414 1352 mutari.
1468 1312 1583 1351 Haec

195 1375 350 1426 quidem
378 1375 503 1425 ipsius
528 1373 707 1424 philophi
734 1372 859 1411 verba
883 1371 1113 1412 tradunturt

377 1434 463 1473 οὐδέ
489 1449 520 1472 τι
545 1435 608 1471 τοῦ
634 1432 764 1474 παντὸς
790 1435 910 1471 κενεὸν
937 1432 1039 1471 πέλει
1061 1433 1146 1472 οὐδὲ
1172 1433 1347 1485 περισσόν.

380 1496 483 1534 τοῦτο
512 1493 537 1534 δ’
569 1494 775 1547 ἐπαυξήσειε
801 1494 842 1533 τὸ
870 1495 938 1532 πᾶν
964 1494 998 1533 τί
1019 1508 1060 1532 κε
1086 1493 1144 1532 καὶ
1170 1493 1282 1533 πόθεν
1308 1494 1434 1546 &ultim

376 1558 426 1606 πῆ
454 1555 496 1594 δέ
522 1571 563 1594 κε
590 1556 647 1594 καὶ
674 1553 871 1607 ἀπολοίαέὶ
895 1556 971 1594 ἐπεὶ
997 1553 1095 1593 τῶνδ’
1126 1556 1229 1594 οὐδὲν
1256 1555 1400 1608 ἔρημον.

378 1615 455 1655 ἀλλ’
486 1614 559 1655 αὔτ’
586 1616 678 1656 ἔστιν
705 1619 834 1656 ταῦτα·
861 1615 898 1656 δι’
928 1618 1101 1668 αλλήλων
1129 1617 1171 1655 δὲ
1196 1616 1326 1656 θέοντα

375 1678 526 1728 γίγνεται
552 1677 710 1716 ἄλλοθεν
738 1677 835 1717 ἄλλα
861 1678 1029 1729 διηνεκὲς,
1059 1677 1134 1716 αἰὲν
1159 1678 1276 1729 ὁμοῖα.

193 1740 352 1792 (fragm.
372 1753 409 1778 v,
428 1739 489 1780 91.
511 1739 574 1779 ed.
596 1738 802 1789 Stein)4⁰).
854 1740 986 1789 Atque
1015 1740 1259 1779 Aristoteles
1287 1740 1337 1779 de
1364 1741 1479 1781 coelo
1508 1742 1579 1794 IV,

193 1801 336 1842 2309:
365 1799 450 1839 ἔνιοι
477 1800 540 1852 μὲν
568 1800 640 1851 οὖν,
667 1801 808 1852 inquit,
837 1803 908 1839 τῶν
937 1802 989 1852 μὴ
1016 1800 1230 1853 φασκόντων
1257 1800 1343 1840 εἶναι
1360 1802 1461 1841 κενὸν
1479 1801 1585 1843 οὐδὲν

193 1863 357 1914 διώρισαν
383 1862 462 1913 περὶ
488 1863 624 1914 κούφου
652 1863 708 1900 καὶ
735 1861 861 1913 βαρέος
886 1861 959 1899 οἷον
981 1860 1226 1912 Ἀναξαγόρας
1249 1860 1584 1915 καὶἘμπεδοκλῆς.

295 1924 451 1962 Deinde
479 1923 690 1962 Lucretius
719 1927 863 1962 contra
877 1923 1133 1973 Empedoclis
1158 1923 1380 1962 doctrinam
1409 1924 1467 1964 sic
1495 1938 1581 1976 per-

193 1986 252 2035 git
279 1985 433 2025 dicere:

246 2046 407 2095 (1,746):
435 2076 443 2084 .
475 2077 483 2085 .
514 2076 522 2084 .
553 2045 691 2095 „finem
721 2057 799 2084 non
829 2058 920 2085 esse
951 2045 1141 2084 secandis

439 2106 710 2155 „Corporibus
739 2107 903 2154 faciunt,
932 2118 1061 2154 neque
1090 2119 1254 2155 pausam
1283 2111 1389 2145 stare
1419 2109 1580 2159 fragori,

434 2166 519 2206 Nec
534 2179 714 2217 prorsum
729 2167 770 2206 in
785 2167 903 2207 rebus
917 2166 1111 2205 minimum
1127 2166 1351 2206 consistere
1361 2167 1579 2219 quicquam.

193 2230 317 2277 Quum
347 2229 449 2268 enim
476 2230 564 2280 ipse
592 2229 813 2280 Epicureus
840 2232 1012 2279 putaret,

436 2320 444 2328 .
512 2320 520 2329 .
550 2291 616 2340 „id
644 2293 862 2329 extremum
890 2290 1079 2340 cujusque

437 2363 551 2402 „esse
570 2351 675 2402 quod
690 2351 741 2390 ad
757 2363 898 2390 sensus
914 2354 1076 2391 nostros
1091 2350 1286 2389 minimum
1300 2363 1391 2391 esse
1403 2353 1579 2404 videtur;

278 2462 318 2503 ³⁸)
339 2460 432 2495 Plnt
444 2461 532 2504 plac.
544 2461 625 2503 phil.
638 2460 683 2499 ΙΙ,
696 2460 726 2498 6,
741 2459 776 2492 4:
801 2448 844 2488 'E
846 2466 909 2501 μπ.
976 2481 984 2489 .
1012 2451 1072 2489 τὸν
1100 2451 1163 2502 μὲν
1190 2451 1319 2517 αἰθέρα
1345 2455 1486 2504 πρῶτον
1505 2455 1579 2493 δια-

194 2503 356 2555 κριθῆναι
382 2504 547 2555 δεύτερον
575 2501 616 2540 δὲ
639 2502 680 2540 τὸ
707 2503 795 2552 πῦρ,
824 2466 874 2553 ἐφ’
906 2517 937 2553 ῳ
964 2502 1027 2553 τὴν
1053 2504 1136 2553 γῆν,
1166 2502 1241 2545 ἐΕ
1220 2516 1264 2553 ης
1282 2501 1374 2552 ἄγαν
1402 2518 1581 2569 περισφιγ-

191 2554 346 2617 γομένης
371 2557 436 2644 τῇά
465 2554 539 2605 ύμῃ
565 2556 629 2603 τῆς
655 2568 680 2591 π
682 2554 849 2643 εἷιζορᾶς
876 2553 1069 2620 ἀναβλύσαι
1094 2553 1135 2591 τὸ
1163 2552 1280 2605 υδωρ,
1318 2554 1354 2596 ἐξ
1382 2553 1424 2593 οὖ
1452 2556 1578 2612 θυμια-

262 2619 298 2645 en
325 2605 436 2646 τὸνά
458 2620 515 2658 ρα.
549 2604 607 2644 καὶ
631 2618 734 2656 γενσ
822 2603 954 2670 τὸνρὲ
955 2618 973 2643 ν
998 2604 1145 2656 οὐρανὸν
1173 2604 1214 2644 ἐκ
1240 2607 1302 2644 τοῦ
1330 2605 1441 2646 αἰθέ
1456 2622 1492 2656 ς,
1519 2611 1580 2649 τὸν

192 2657 234 2695 δὲ
260 2658 359 2709 ἥλιον
386 2657 426 2696 ἐκ
450 2659 514 2696 τοῦ
538 2656 660 2708 πυρὸς,
687 2656 869 2707 πιληθῆναι
895 2657 915 2694 δ
909 2604 988 2694 ξιὲέκ
1013 2659 1084 2694 τῶν
1111 2655 1235 2695 ἄλλων
1262 2657 1307 2695 τὰ
1333 2672 1499 2710 περιγεια.
1528 2682 1578 2688 —

191 2716 283 2750 Plut.
308 2727 363 2761 ap.
385 2717 526 2751 Euseb.
521 2726 652 2761 praep.
670 2717 698 2756 1,
713 2715 743 2754 8,
761 2716 808 2748 10.
830 2734 869 2740 —
892 2716 1016 2756 zeller,
1032 2716 1060 2756 1,
1083 2727 1117 2760 p.
1133 2717 1188 2750 5³1
1204 2726 1281 2760 sqq

278 2770 322 2810 ⁴⁰)
343 2768 492 2811 Reliqua
512 2768 690 2810 praeclare
713 2768 807 2800 dicta
830 2779 859 2802 v.
882 2777 937 2810 ap.
958 2768 1127 2800 Zellerum
1148 2778 1180 2810 p.
1194 2768 1256 2801 504
1277 2769 1393 2802 ann.2.
